3194 5056
849 391 891 458 ul

310 587 463 654 violarent
484 588 515 652 et
535 583 679 650 fiammis·
722 584 823 664 XVII,
849 586 876 664 l,
900 585 934 650 8:
956 584 1068 650 doetus
1083 629 1091 650 .
1104 631 1131 648 ..
1154 583 1426 668 latereplurimos,

310 689 366 755 ubi
387 688 487 755 habile
510 690 613 755 visum
636 690 740 770 luerit,
762 691 937 770 erupturos.
982 687 1011 766 1,
1033 687 1085 752 13;
1107 704 1197 770 reges
1218 690 1425 751 venerunt...

306 791 458 874 jurantes,
480 791 540 876 (se)
565 842 570 854 .
594 839 601 856 .
627 841 634 856 .
657 793 764 876 fruges
786 794 966 876 portaturos
988 788 1136 867 humeris,
1159 787 1187 853 si
1208 787 1345 853 defuisse
1367 787 1427 853 sibi

310 893 471 959 docuerint
493 894 679 960 defensores.
722 894 806 974 XIX,
829 896 859 974 9,
882 895 918 959 5:
940 896 1069 978 aooepta
1089 891 1160 969 fide,
1182 890 1272 972 quod,
1306 891 1334 955 si
1355 893 1427 957 tuto

274 1041 281 1054 .
309 994 444 1074 licuerit,
467 999 613 1078 sequetur
635 995 798 1080 conjugem
819 997 934 1077 libens,
957 995 1065 1063 evasit.

393 1097 559 1166 Similiter:
582 1098 667 1181 XIX,
683 1100 732 1182 ll,
743 1100 773 1165 6.
788 1099 949 1180 x·x111,2‚
965 1101 992 1166 l.
1008 1096 1107 1175 XXV,
1130 1097 1160 1173 9,
1171 1094 1202 1160 5.
1224 1091 1342 1173 XXIX,
1353 1094 1381 1174 1,
1395 1096 1427 1161 6.

394 1595 454 1662 Sed
474 1594 540 1677 J‘am
563 1617 616 1664 eas
638 1618 687 1665 res
709 1599 905 1685 syntaotious,
933 1616 1022 1680 quas,
1055 1598 1091 1662 ut
1112 1592 1289 1660 aoouratius
1311 1593 1426 1657 traota-

309 1699 427 1774 rentur,
451 1697 613 1781 elegeram,
635 1703 794 1785 explicavi.
826 1701 874 1768 Ao
886 1701 1132 1768 demonstratum
1155 1715 1222 1762 esse
1237 1697 1327 1777 puto,
1350 1693 1426 1758 Am·

309 1799 409 1864 miani
434 1801 578 1882 syntaxis
600 1822 662 1868 non
683 1804 728 1870 ita
748 1805 841 1887 longe
862 1803 900 1868 ab
923 1822 959 1869 ea
980 1799 1169 1878 condidere,
1191 1799 1230 1864 ad
1245 1815 1338 1880 quam
1354 1799 1428 1878 post

310 1900 465 1967 Oioeronis
476 1906 608 1970 osteum
621 1906 759 1990 syntaxis
770 1925 826 1989 per
840 1906 976 1989 optimos
998 1903 1168 1985 script-ores
1182 1901 1335 1984 produota
1349 1901 1426 1977 erut,

309 2005 459 2072 resedere.
486 2007 531 2072 Ut
552 2011 658 2074 tanum
680 2011 747 2074 tota
761 2007 922 2074 Ammiani
943 2008 1118 2076 elocutione
1139 2006 1270 2072 minime
1292 2005 1426 2070 delente·

308 2126 395 2187 mur,
429 2108 505 2191 quin
537 2109 633 2176 etiam
658 2111 844 2195 saepissime
866 2111 1073 2190 offendamur,
1106 2109 1176 2174 aliis
1209 2106 1273 2174 illis
1306 2107 1428 2171 duobus

309 2210 458 2276 orationis
493 2212 582 2294 qnasi
617 2214 779 2280 elementis
815 2213 960 2280 effoetum
995 2216 1059 2280 est:
1095 2212 1167 2278 stilo
1197 2214 1228 2276 et
1256 2209 1425 2277 venabulis.

394 2313 515 2381 Tamen
537 2335 601 2381 nou
623 2335 722 2398 panea
743 2318 836 2392 sunt,
873 2334 953 2398 quae
974 2316 1007 2380 in
1028 2314 1164 2382 auotoris
1185 2313 1285 2378 nostri
1306 2311 1428 2396 syntaxi

308 2419 433 2497 praeter
447 2420 551 2485 oetera
565 2417 781 2485 memorabilia
801 2422 833 2485 et
846 2417 1007 2486 Ammiani
1027 2417 1078 2483 vel
1099 2414 1247 2499 temporis
1269 2413 1336 2498 ejus
1351 2433 1424 2498 pro-

309 2517 378 2600 pria
400 2537 467 2582 esse
489 2519 636 2585 diximus.
666 2521 772 2604 Atque
793 2520 871 2588 haee
892 2521 1018 2603 quidem
1039 2518 1125 2586 brevi
1145 2523 1282 2602 repetere
1303 2519 1337 2584 in
1357 2537 1425 2585 rem

308 2619 387 2685 mihi
407 2619 530 2687 videtur
551 2641 625 2688 esse.

327 2767 332 2780 ·
394 2723 488 2790 Solus
509 2725 707 2792 aoousativus
722 2726 806 2810 apud
817 2725 910 2792 verba
928 2729 1051 2792 motum
1066 2724 1286 2808 signifioantia.
1308 2722 1425 2808 (ull.)

314 2883 317 2890 .
394 2824 602 2910 comparativi
642 2846 698 2912 pro
740 2828 873 2910 positivo
910 2829 1052 2914 usurpati
1094 2846 1217 2894 summa
1252 2826 1426 2908 frequentia

393 3032 440 3096 le
470 2928 718 3098 {Imauus
752 3033 971 3117 magistratum
999 3031 1194 3116 signifioante
1222 3030 1425 3114 eonjunotum

393 3133 750 3319 unsiliiussrgffiisque
757 3235 830 3302 adid
839 3240 973 3320 tempus,
997 3240 1077 3321 qud‘
1090 3240 1286 3322 usurpatum.
1297 3237 1342 3321 (p,
1356 3236 1424 3318 36.)

393 3337 479 3404 Lioot
497 3358 569 3406 oum
583 3335 746 3419 adjectivis
768 3342 800 3404 et
815 3339 993 3423 partieipiis
1014 3339 1060 3423 (p.
1072 3340 1113 3406 36
1129 3340 1189 3424 sq.)

395 3440 485 3506 Lioet
506 3461 578 3507 oum
599 3441 769 3507 indioativo
791 3439 836 3525 (p.
858 3442 914 3524 41)

393 3544 587 3612 Indioativus
607 3545 732 3628 plusqu.
762 3560 818 3627 pro
841 3543 1038 3628 conjunctivo
1070 3542 1101 3608 in
1124 3545 1295 3612 enuntiatis
1318 3545 1425 3611 eondi-

468 3646 653 3713 oionalibus.
676 3645 710 3731 (p
743 3646 809 3728 40.)

393 3751 497 3832 Quum
528 3749 744 3815 oouoessivum
783 3752 815 3815 et
846 3748 971 3814 oausale
1010 3747 1179 3816 indioutivo
1210 3749 1424 3833 oonjunotuui.

396 3851 704 4039 Dunipufftisoiluiam
739 3953 925 4021 indicativus
961 3973 1091 4038 sequens
1127 3975 1182 4039 pro
1215 3946 1450 4039 eonjunotivo.'

394 4053 657 4244 Quuffi'pfflum
681 4159 878 4244 conjunctivo
900 4159 1089 4245 appositum.
1112 4158 1157 4244 (p.
1180 4159 1245 4244 45.)

395 4262 611 4330 Gerundivum
634 4263 710 4328 mori
727 4262 888 4346 participii
909 4266 1016 4331 looum
1035 4266 1153 4332 tenens.
1183 4261 1227 4348 (p.
1251 4263 1318 4349 47.)

1190 3329 1424 3533 loonjunotunn
