<?xml version="1.0" encoding="UTF-8"?>
<!DOCTYPE html PUBLIC "-//W3C//DTD XHTML 1.0 Transitional//EN"
    "http://www.w3.org/TR/xhtml1/DTD/xhtml1-transitional.dtd">
<html xmlns="http://www.w3.org/1999/xhtml" xml:lang="en" lang="en">
 <head>
  <title>
</title>
<meta http-equiv="Content-Type" content="text/html;charset=utf-8" />
  <meta name='ocr-system' content='tesseract 3.04.00' />
  <meta name='ocr-capabilities' content='ocr_page ocr_carea ocr_par ocr_line ocrx_word'/>
</head>
<body>
  <div class='ocr_page' id='page_1' title='image "./desyntaxiammian00hassgoog_0050.png"; bbox 0 0 3194 5056; ppageno 0'>
   <div class='ocr_carea' id='block_1_1' title="bbox 690 367 729 432">
    <p class='ocr_par' dir='ltr' id='par_1_1' title="bbox 690 367 729 432">
     <span class='ocr_line' id='line_1_1' title="bbox 690 367 729 432; baseline -0.051 0"><span class='ocrx_word' id='word_1_1' title='bbox 690 367 729 432; x_wconf 90' lang='grc'><strong>41</strong></span> 
     </span>
    </p>
   </div>
   <div class='ocr_carea' id='block_1_2' title="bbox 158 553 1397 749">
    <p class='ocr_par' dir='ltr' id='par_1_2' title="bbox 158 553 1397 749">
     <span class='ocr_line' id='line_1_2' title="bbox 159 553 1269 642; baseline 0.006 -23"><span class='ocrx_word' id='word_1_2' title='bbox 159 553 303 622; x_wconf 88' lang='lat' dir='ltr'><strong>Tacitum</strong></span> <span class='ocrx_word' id='word_1_3' title='bbox 334 559 456 642; x_wconf 88' lang='lat' dir='ltr'><strong>praeter</strong></span> <span class='ocrx_word' id='word_1_4' title='bbox 487 577 587 624; x_wconf 90' lang='lat' dir='ltr'><strong>unum</strong></span> <span class='ocrx_word' id='word_1_5' title='bbox 619 561 724 624; x_wconf 91' lang='lat' dir='ltr'><strong>locum</strong></span> <span class='ocrx_word' id='word_1_6' title='bbox 758 563 885 625; x_wconf 90' lang='lat' dir='ltr'><strong>tantum</strong></span> <span class='ocrx_word' id='word_1_7' title='bbox 906 562 1002 628; x_wconf 89' lang='lat' dir='ltr'><strong>verba</strong></span> <span class='ocrx_word' id='word_1_8' title='bbox 1023 560 1181 627; x_wconf 89' lang='lat' dir='ltr'><strong>facultatis</strong></span> <span class='ocrx_word' id='word_1_9' title='bbox 1213 563 1269 626; x_wconf 89' lang='lat' dir='ltr'><strong>ant</strong></span> 
     </span>
     <span class='ocr_line' id='line_1_3' title="bbox 158 657 1397 749; baseline 0.005 -27"><span class='ocrx_word' id='word_1_10' title='bbox 158 657 324 725; x_wconf 87' lang='lat' dir='ltr'><strong>voluntatis</strong></span> <span class='ocrx_word' id='word_1_11' title='bbox 354 661 409 726; x_wconf 88' lang='lat' dir='ltr'><strong>aut</strong></span> <span class='ocrx_word' id='word_1_12' title='bbox 431 659 574 726; x_wconf 90' lang='lat' dir='ltr'><strong>adverbio</strong></span> <span class='ocrx_word' id='word_1_13' title='bbox 597 665 735 744; x_wconf 88' lang='lat' dir='ltr'><strong>„prope“</strong></span> <span class='ocrx_word' id='word_1_14' title='bbox 769 661 938 745; x_wconf 87' lang='lat' dir='ltr'><strong>conjuncta</strong></span> <span class='ocrx_word' id='word_1_15' title='bbox 969 664 1013 728; x_wconf 86' lang='lat' dir='ltr'><strong>ita</strong></span> <span class='ocrx_word' id='word_1_16' title='bbox 1044 682 1158 749; x_wconf 91' lang='lat' dir='ltr'><strong>ponere</strong></span> <span class='ocrx_word' id='word_1_17' title='bbox 1191 661 1268 728; x_wconf 79' lang='lat' dir='ltr'><strong>dieu</strong></span> <span class='ocrx_word' id='word_1_18' title='bbox 1394 717 1397 728; x_wconf 92' lang='lat'><strong>.</strong></span> 
     </span>
    </p>
   </div>
   <div class='ocr_carea' id='block_1_3' title="bbox 83 761 1270 2676">
    <p class='ocr_par' dir='ltr' id='par_1_3' title="bbox 83 761 1268 948">
     <span class='ocr_line' id='line_1_4' title="bbox 155 761 1268 850; baseline 0.005 -26"><span class='ocrx_word' id='word_1_19' title='bbox 155 761 340 850; x_wconf 85' lang='lat' dir='ltr'><strong>Draegems,</strong></span> <span class='ocrx_word' id='word_1_20' title='bbox 377 763 522 846; x_wconf 82' lang='lat' dir='ltr'><strong>idemque</strong></span> <span class='ocrx_word' id='word_1_21' title='bbox 559 763 598 828; x_wconf 90' lang='lat' dir='ltr'><strong>ad</strong></span> <span class='ocrx_word' id='word_1_22' title='bbox 629 764 833 830; x_wconf 79' lang='lat' dir='ltr'><strong>Ammianum</strong></span> <span class='ocrx_word' id='word_1_23' title='bbox 854 764 1008 847; x_wconf 89' lang='lat' dir='ltr'><strong>pertinere</strong></span> <span class='ocrx_word' id='word_1_24' title='bbox 1043 767 1121 832; x_wconf 91' lang='lat' dir='ltr'><strong>haec</strong></span> <span class='ocrx_word' id='word_1_25' title='bbox 1156 765 1268 832; x_wconf 78' lang='lat' dir='ltr'><strong>docent</strong></span> 
     </span>
     <span class='ocr_line' id='line_1_5' title="bbox 83 865 307 948; baseline 0.004 -20"><span class='ocrx_word' id='word_1_26' title='bbox 83 938 87 948; x_wconf 27' lang='lat'>¹</span> <span class='ocrx_word' id='word_1_27' title='bbox 155 865 307 947; x_wconf 83' lang='lat' dir='ltr'><strong>exempla:</strong></span> 
     </span>
    </p>

    <p class='ocr_par' dir='ltr' id='par_1_4' title="bbox 107 965 1270 1770">
     <span class='ocr_line' id='line_1_6' title="bbox 232 965 1268 1049; baseline 0.004 -19"><span class='ocrx_word' id='word_1_28' title='bbox 232 965 336 1046; x_wconf 84' lang='lat' dir='ltr'>XVII,</span> <span class='ocrx_word' id='word_1_29' title='bbox 360 968 388 1044; x_wconf 91' lang='grc'><strong>1,</strong></span> <span class='ocrx_word' id='word_1_30' title='bbox 411 968 447 1032; x_wconf 89' lang='lat'><strong>3:</strong></span> <span class='ocrx_word' id='word_1_31' title='bbox 480 969 664 1034; x_wconf 90' lang='lat' dir='ltr'><strong>acerrimum</strong></span> <span class='ocrx_word' id='word_1_32' title='bbox 691 970 807 1035; x_wconf 89' lang='lat' dir='ltr'><strong>nostris</strong></span> <span class='ocrx_word' id='word_1_33' title='bbox 835 970 941 1037; x_wconf 90' lang='lat' dir='ltr'><strong>mirati</strong></span> <span class='ocrx_word' id='word_1_34' title='bbox 973 974 1047 1036; x_wconf 88' lang='lat' dir='ltr'><strong>sunt</strong></span> <span class='ocrx_word' id='word_1_35' title='bbox 1068 969 1204 1049; x_wconf 90' lang='lat' dir='ltr'><strong>bollum,</strong></span> <span class='ocrx_word' id='word_1_36' title='bbox 1236 969 1268 1035; x_wconf 89' lang='lat' dir='ltr'><strong>ni</strong></span> 
     </span>
     <span class='ocr_line' id='line_1_7' title="bbox 157 1069 1270 1154; baseline 0.003 -20"><span class='ocrx_word' id='word_1_37' title='bbox 157 1086 263 1135; x_wconf 89' lang='lat' dir='ltr'><strong>eorum</strong></span> <span class='ocrx_word' id='word_1_38' title='bbox 286 1069 463 1154; x_wconf 84' lang='lat' dir='ltr'><strong>regionibus</strong></span> <span class='ocrx_word' id='word_1_39' title='bbox 483 1072 692 1138; x_wconf 85' lang='lat' dir='ltr'><strong>excessissent</strong></span> <span class='ocrx_word' id='word_1_40' title='bbox 728 1071 853 1151; x_wconf 90' lang='lat' dir='ltr'><strong>(ultima</strong></span> <span class='ocrx_word' id='word_1_41' title='bbox 884 1076 961 1140; x_wconf 89' lang='lat' dir='ltr'><strong>haec</strong></span> <span class='ocrx_word' id='word_1_42' title='bbox 982 1074 1077 1139; x_wconf 90' lang='lat' dir='ltr'><strong>verba</strong></span> <span class='ocrx_word' id='word_1_43' title='bbox 1105 1093 1168 1138; x_wconf 92' lang='lat' dir='ltr'><strong>non</strong></span> <span class='ocrx_word' id='word_1_44' title='bbox 1198 1074 1270 1138; x_wconf 88' lang='lat' dir='ltr'><strong>sunt</strong></span> 
     </span>
     <span class='ocr_line' id='line_1_8' title="bbox 154 1172 1267 1261; baseline 0.002 -25"><span class='ocrx_word' id='word_1_45' title='bbox 154 1172 329 1257; x_wconf 83' lang='lat' dir='ltr'><strong>indirecta).</strong></span> <span class='ocrx_word' id='word_1_46' title='bbox 375 1174 403 1252; x_wconf 94' lang='lat'><strong>1,</strong></span> <span class='ocrx_word' id='word_1_47' title='bbox 429 1172 481 1236; x_wconf 86' lang='lat'><strong>14:</strong></span> <span class='ocrx_word' id='word_1_48' title='bbox 511 1174 657 1257; x_wconf 86' lang='lat' dir='ltr'><strong>credique</strong></span> <span class='ocrx_word' id='word_1_49' title='bbox 679 1176 937 1242; x_wconf 87' lang='lat' dir='ltr'><strong>obtrectatoribus</strong></span> <span class='ocrx_word' id='word_1_50' title='bbox 958 1178 1081 1261; x_wconf 87' lang='lat' dir='ltr'><strong>potuit,</strong></span> <span class='ocrx_word' id='word_1_51' title='bbox 1113 1174 1182 1239; x_wconf 92' lang='lat' dir='ltr'><strong>ideo</strong></span> <span class='ocrx_word' id='word_1_52' title='bbox 1204 1174 1267 1240; x_wconf 92' lang='lat' dir='ltr'><strong>for-</strong></span> 
     </span>
     <span class='ocr_line' id='line_1_9' title="bbox 107 1274 1268 1365; baseline 0 -25"><span class='ocrx_word' id='word_1_53' title='bbox 107 1343 109 1350; x_wconf 75' lang='grc'>,</span> <span class='ocrx_word' id='word_1_54' title='bbox 156 1275 227 1340; x_wconf 84' lang='lat' dir='ltr'><strong>titan</strong></span> <span class='ocrx_word' id='word_1_55' title='bbox 247 1295 320 1341; x_wconf 88' lang='lat' dir='ltr'><strong>cum</strong></span> <span class='ocrx_word' id='word_1_56' title='bbox 338 1325 345 1339; x_wconf 93' lang='lat'><strong>.</strong></span> <span class='ocrx_word' id='word_1_57' title='bbox 362 1325 391 1340; x_wconf 96' lang='lat'><strong>..</strong></span> <span class='ocrx_word' id='word_1_58' title='bbox 415 1274 525 1341; x_wconf 89' lang='lat' dir='ltr'><strong>fecisse</strong></span> <span class='ocrx_word' id='word_1_59' title='bbox 547 1275 746 1358; x_wconf 85' lang='lat' dir='ltr'><strong>fingentibus,</strong></span> <span class='ocrx_word' id='word_1_60' title='bbox 769 1279 852 1361; x_wconf 91' lang='lat' dir='ltr'><strong>quod</strong></span> <span class='ocrx_word' id='word_1_61' title='bbox 874 1282 1020 1365; x_wconf 89' lang='lat' dir='ltr'><strong>oppetere</strong></span> <span class='ocrx_word' id='word_1_62' title='bbox 1043 1277 1268 1343; x_wconf 86' lang='lat' dir='ltr'><strong>dimicando...</strong></span> 
     </span>
     <span class='ocr_line' id='line_1_10' title="bbox 154 1378 1268 1463; baseline 0.001 -21"><span class='ocrx_word' id='word_1_63' title='bbox 154 1378 254 1463; x_wconf 86' lang='lat' dir='ltr'><strong>magis</strong></span> <span class='ocrx_word' id='word_1_64' title='bbox 278 1380 416 1463; x_wconf 91' lang='lat' dir='ltr'><strong>optabat,</strong></span> <span class='ocrx_word' id='word_1_65' title='bbox 440 1395 534 1458; x_wconf 90' lang='lat' dir='ltr'><strong>quam</strong></span> <span class='ocrx_word' id='word_1_66' title='bbox 549 1426 556 1440; x_wconf 97' lang='lat'><strong>.</strong></span> <span class='ocrx_word' id='word_1_67' title='bbox 574 1427 580 1442; x_wconf 94' lang='lat'><strong>.</strong></span> <span class='ocrx_word' id='word_1_68' title='bbox 598 1429 605 1444; x_wconf 96' lang='lat'><strong>.</strong></span> <span class='ocrx_word' id='word_1_69' title='bbox 622 1382 660 1445; x_wconf 86' lang='lat' dir='ltr'><strong>ut</strong></span> <span class='ocrx_word' id='word_1_70' title='bbox 681 1381 777 1446; x_wconf 88' lang='lat' dir='ltr'><strong>irater</strong></span> <span class='ocrx_word' id='word_1_71' title='bbox 791 1379 903 1447; x_wconf 80' lang='lat' dir='ltr'><strong>Gallus</strong></span> <span class='ocrx_word' id='word_1_72' title='bbox 926 1379 1034 1458; x_wconf 90' lang='lat' dir='ltr'><strong>occidi,</strong></span> <span class='ocrx_word' id='word_1_73' title='bbox 1057 1381 1088 1445; x_wconf 92' lang='lat' dir='ltr'><strong>ni</strong></span> <span class='ocrx_word' id='word_1_74' title='bbox 1109 1378 1175 1462; x_wconf 89' lang='lat' dir='ltr'><strong>pari</strong></span> <span class='ocrx_word' id='word_1_75' title='bbox 1195 1399 1268 1463; x_wconf 90' lang='lat' dir='ltr'><strong>pro-</strong></span> 
     </span>
     <span class='ocr_line' id='line_1_11' title="bbox 155 1480 1266 1567; baseline 0.003 -22"><span class='ocrx_word' id='word_1_76' title='bbox 155 1480 256 1562; x_wconf 93' lang='lat' dir='ltr'><strong>posito</strong></span> <span class='ocrx_word' id='word_1_77' title='bbox 270 1485 343 1567; x_wconf 89' lang='lat' dir='ltr'><strong>post</strong></span> <span class='ocrx_word' id='word_1_78' title='bbox 357 1497 518 1547; x_wconf 76' lang='lat' dir='ltr'><strong>excessum</strong></span> <span class='ocrx_word' id='word_1_79' title='bbox 533 1499 652 1565; x_wconf 90' lang='lat' dir='ltr'><strong>quoque</strong></span> <span class='ocrx_word' id='word_1_80' title='bbox 668 1482 841 1549; x_wconf 78' lang='lat' dir='ltr'><strong>Constantii</strong></span> <span class='ocrx_word' id='word_1_81' title='bbox 857 1481 979 1550; x_wconf 88' lang='lat' dir='ltr'><strong>actibus</strong></span> <span class='ocrx_word' id='word_1_82' title='bbox 994 1482 1146 1549; x_wconf 89' lang='lat' dir='ltr'><strong>mirandis</strong></span> <span class='ocrx_word' id='word_1_83' title='bbox 1169 1482 1266 1548; x_wconf 91' lang='lat' dir='ltr'><strong>incla-</strong></span> 
     </span>
     <span class='ocr_line' id='line_1_12' title="bbox 154 1582 1268 1670; baseline 0 -23"><span class='ocrx_word' id='word_1_84' title='bbox 154 1584 277 1651; x_wconf 89' lang='lat' dir='ltr'><strong>ruisset.</strong></span> <span class='ocrx_word' id='word_1_85' title='bbox 323 1586 353 1663; x_wconf 82' lang='grc'><strong>7,</strong></span> <span class='ocrx_word' id='word_1_86' title='bbox 376 1583 408 1647; x_wconf 89' lang='lat'><strong>8:</strong></span> <span class='ocrx_word' id='word_1_87' title='bbox 432 1600 594 1664; x_wconf 88' lang='lat' dir='ltr'><strong>superesse</strong></span> <span class='ocrx_word' id='word_1_88' title='bbox 616 1582 718 1664; x_wconf 90' lang='lat' dir='ltr'><strong>potuit</strong></span> <span class='ocrx_word' id='word_1_89' title='bbox 742 1585 868 1650; x_wconf 89' lang='lat' dir='ltr'><strong>aedium</strong></span> <span class='ocrx_word' id='word_1_90' title='bbox 885 1603 1022 1670; x_wconf 90' lang='lat' dir='ltr'><strong>...pars</strong></span> <span class='ocrx_word' id='word_1_91' title='bbox 1044 1586 1153 1670; x_wconf 90' lang='lat' dir='ltr'><strong>major,</strong></span> <span class='ocrx_word' id='word_1_92' title='bbox 1176 1584 1206 1648; x_wconf 93' lang='lat' dir='ltr'><strong>ni</strong></span> <span class='ocrx_word' id='word_1_93' title='bbox 1219 1633 1227 1650; x_wconf 94' lang='lat'><strong>.</strong></span> <span class='ocrx_word' id='word_1_94' title='bbox 1240 1633 1268 1648; x_wconf 94' lang='lat'><strong>..</strong></span> 
     </span>
     <span class='ocr_line' id='line_1_13' title="bbox 150 1684 1267 1770; baseline 0.003 -22"><span class='ocrx_word' id='word_1_95' title='bbox 150 1685 346 1755; x_wconf 85' lang='lat' dir='ltr'><strong>flammarum</strong></span> <span class='ocrx_word' id='word_1_96' title='bbox 368 1684 557 1762; x_wconf 89' lang='lat' dir='ltr'><strong>ardores...,</strong></span> <span class='ocrx_word' id='word_1_97' title='bbox 580 1684 733 1768; x_wconf 89' lang='lat' dir='ltr'><strong>quidquid</strong></span> <span class='ocrx_word' id='word_1_98' title='bbox 750 1688 893 1753; x_wconf 79' lang='lat' dir='ltr'><strong>consumi</strong></span> <span class='ocrx_word' id='word_1_99' title='bbox 912 1690 1043 1770; x_wconf 88' lang='lat' dir='ltr'><strong>poterat,</strong></span> <span class='ocrx_word' id='word_1_100' title='bbox 1068 1686 1267 1754; x_wconf 80' lang='lat' dir='ltr'><strong>exussissent.</strong></span> 
     </span>
    </p>

    <p class='ocr_par' dir='ltr' id='par_1_5' title="bbox 147 1787 1268 2676">
     <span class='ocr_line' id='line_1_14' title="bbox 234 1787 1267 1875; baseline -0.004 -19"><span class='ocrx_word' id='word_1_101' title='bbox 234 1787 405 1856; x_wconf 88' lang='lat' dir='ltr'><strong>Nonnullis</strong></span> <span class='ocrx_word' id='word_1_102' title='bbox 437 1787 516 1852; x_wconf 91' lang='lat' dir='ltr'><strong>locis</strong></span> <span class='ocrx_word' id='word_1_103' title='bbox 548 1788 579 1852; x_wconf 92' lang='lat' dir='ltr'><strong>in</strong></span> <span class='ocrx_word' id='word_1_104' title='bbox 611 1791 729 1873; x_wconf 88' lang='lat' dir='ltr'><strong>protasi</strong></span> <span class='ocrx_word' id='word_1_105' title='bbox 761 1790 969 1858; x_wconf 79' lang='lat' dir='ltr'><strong>condicionali</strong></span> <span class='ocrx_word' id='word_1_106' title='bbox 1002 1789 1071 1875; x_wconf 91' lang='lat' dir='ltr'><strong>ipso</strong></span> <span class='ocrx_word' id='word_1_107' title='bbox 1109 1809 1166 1874; x_wconf 89' lang='lat' dir='ltr'><strong>pro</strong></span> <span class='ocrx_word' id='word_1_108' title='bbox 1193 1807 1267 1853; x_wconf 92' lang='lat' dir='ltr'><strong>con-</strong></span> 
     </span>
     <span class='ocr_line' id='line_1_15' title="bbox 147 1889 1267 1977; baseline 0.001 -22"><span class='ocrx_word' id='word_1_109' title='bbox 147 1889 286 1972; x_wconf 86' lang='lat' dir='ltr'><strong>junctivo</strong></span> <span class='ocrx_word' id='word_1_110' title='bbox 308 1892 607 1976; x_wconf 86' lang='lat' dir='ltr'><strong>plusquamperfecti</strong></span> <span class='ocrx_word' id='word_1_111' title='bbox 628 1893 816 1958; x_wconf 76' lang='lat' dir='ltr'><strong>indicativus</strong></span> <span class='ocrx_word' id='word_1_112' title='bbox 838 1892 952 1977; x_wconf 90' lang='lat' dir='ltr'><strong>partim</strong></span> <span class='ocrx_word' id='word_1_113' title='bbox 974 1892 1114 1976; x_wconf 88' lang='lat' dir='ltr'><strong>perfecti,</strong></span> <span class='ocrx_word' id='word_1_114' title='bbox 1150 1892 1267 1975; x_wconf 89' lang='lat' dir='ltr'><strong>partim</strong></span> 
     </span>
     <span class='ocr_line' id='line_1_16' title="bbox 151 1993 1267 2079; baseline 0.002 -23"><span class='ocrx_word' id='word_1_115' title='bbox 151 1993 328 2078; x_wconf 74' lang='lat' dir='ltr'><strong>imperfecti</strong></span> <span class='ocrx_word' id='word_1_116' title='bbox 350 1995 473 2079; x_wconf 86' lang='lat' dir='ltr'><strong>positus</strong></span> <span class='ocrx_word' id='word_1_117' title='bbox 495 1999 552 2075; x_wconf 87' lang='lat' dir='ltr'><strong>est,</strong></span> <span class='ocrx_word' id='word_1_118' title='bbox 575 1997 635 2062; x_wconf 90' lang='lat' dir='ltr'><strong>etsi</strong></span> <span class='ocrx_word' id='word_1_119' title='bbox 658 1996 796 2060; x_wconf 92' lang='lat' dir='ltr'><strong>condicio</strong></span> <span class='ocrx_word' id='word_1_120' title='bbox 818 1994 943 2061; x_wconf 81' lang='lat' dir='ltr'><strong>verItati</strong></span> <span class='ocrx_word' id='word_1_121' title='bbox 964 2013 1091 2077; x_wconf 88' lang='lat' dir='ltr'><strong>prorsus</strong></span> <span class='ocrx_word' id='word_1_122' title='bbox 1106 1997 1267 2077; x_wconf 86' lang='lat' dir='ltr'><strong>repugnat.</strong></span> 
     </span>
     <span class='ocr_line' id='line_1_17' title="bbox 148 2093 1268 2180; baseline -0.002 -20"><span class='ocrx_word' id='word_1_123' title='bbox 148 2093 245 2176; x_wconf 88' lang='lat' dir='ltr'>XIX,</span> <span class='ocrx_word' id='word_1_124' title='bbox 272 2098 320 2174; x_wconf 91' lang='grc'><strong>11,</strong></span> <span class='ocrx_word' id='word_1_125' title='bbox 343 2098 379 2162; x_wconf 89' lang='lat'><strong>3:</strong></span> <span class='ocrx_word' id='word_1_126' title='bbox 404 2097 535 2164; x_wconf 84' lang='lat' dir='ltr'><strong>innoxii</strong></span> <span class='ocrx_word' id='word_1_127' title='bbox 572 2117 678 2164; x_wconf 92' lang='lat' dir='ltr'><strong>earum</strong></span> <span class='ocrx_word' id='word_1_128' title='bbox 710 2097 829 2163; x_wconf 80' lang='lat' dir='ltr'><strong>incolae</strong></span> <span class='ocrx_word' id='word_1_129' title='bbox 864 2099 1004 2180; x_wconf 83' lang='lat' dir='ltr'><strong>partium</strong></span> <span class='ocrx_word' id='word_1_130' title='bbox 1043 2097 1197 2175; x_wconf 89' lang='lat' dir='ltr'><strong>viverent,</strong></span> <span class='ocrx_word' id='word_1_131' title='bbox 1234 2094 1268 2159; x_wconf 93' lang='lat' dir='ltr'><strong>ni</strong></span> 
     </span>
     <span class='ocr_line' id='line_1_18' title="bbox 149 2197 1267 2282; baseline -0.002 -20"><span class='ocrx_word' id='word_1_132' title='bbox 149 2204 263 2279; x_wconf 90' lang='lat' dir='ltr'><strong>postea</strong></span> <span class='ocrx_word' id='word_1_133' title='bbox 284 2199 509 2282; x_wconf 85' lang='lat' dir='ltr'><strong>exquisitorum</strong></span> <span class='ocrx_word' id='word_1_134' title='bbox 542 2199 723 2268; x_wconf 89' lang='lat' dir='ltr'><strong>detestanda</strong></span> <span class='ocrx_word' id='word_1_135' title='bbox 755 2201 883 2265; x_wconf 88' lang='lat' dir='ltr'><strong>nomina</strong></span> <span class='ocrx_word' id='word_1_136' title='bbox 914 2199 1148 2265; x_wconf 90' lang='lat' dir='ltr'><strong>titulorum...</strong></span> <span class='ocrx_word' id='word_1_137' title='bbox 1172 2197 1267 2262; x_wconf 91' lang='lat' dir='ltr'><strong>adus-</strong></span> 
     </span>
     <span class='ocr_line' id='line_1_19' title="bbox 151 2299 1265 2386; baseline -0.003 -21"><span class='ocrx_word' id='word_1_138' title='bbox 151 2318 209 2380; x_wconf 91' lang='lat' dir='ltr'><strong>que</strong></span> <span class='ocrx_word' id='word_1_139' title='bbox 226 2302 700 2386; x_wconf 86' lang='lat' dir='ltr'><strong>proscriptionespervenerunt.</strong></span> <span class='ocrx_word' id='word_1_140' title='bbox 729 2301 830 2379; x_wconf 83' lang='lat' dir='ltr'>XXII,</span> <span class='ocrx_word' id='word_1_141' title='bbox 856 2301 904 2378; x_wconf 91' lang='grc'><strong>11,</strong></span> <span class='ocrx_word' id='word_1_142' title='bbox 929 2302 983 2366; x_wconf 84' lang='lat'><strong>10:</strong></span> <span class='ocrx_word' id='word_1_143' title='bbox 1005 2302 1151 2384; x_wconf 89' lang='lat' dir='ltr'><strong>poterant</strong></span> <span class='ocrx_word' id='word_1_144' title='bbox 1171 2299 1265 2364; x_wconf 92' lang='lat' dir='ltr'><strong>mise-</strong></span> 
     </span>
     <span class='ocr_line' id='line_1_20' title="bbox 150 2402 1265 2486; baseline -0.004 -20"><span class='ocrx_word' id='word_1_145' title='bbox 150 2405 243 2470; x_wconf 88' lang='lat' dir='ltr'><strong>randi</strong></span> <span class='ocrx_word' id='word_1_146' title='bbox 264 2403 407 2471; x_wconf 90' lang='lat' dir='ltr'><strong>homines</strong></span> <span class='ocrx_word' id='word_1_147' title='bbox 423 2453 430 2470; x_wconf 87' lang='lat'><strong>.</strong></span> <span class='ocrx_word' id='word_1_148' title='bbox 448 2454 480 2469; x_wconf 97' lang='lat'><strong>..</strong></span> <span class='ocrx_word' id='word_1_149' title='bbox 505 2405 635 2481; x_wconf 87' lang='lat' dir='ltr'><strong>defendi,</strong></span> <span class='ocrx_word' id='word_1_150' title='bbox 659 2405 691 2468; x_wconf 91' lang='lat' dir='ltr'><strong>ni</strong></span> <span class='ocrx_word' id='word_1_151' title='bbox 713 2402 840 2485; x_wconf 77' lang='lat' dir='ltr'><strong>Georgii</strong></span> <span class='ocrx_word' id='word_1_152' title='bbox 861 2403 931 2469; x_wconf 91' lang='lat' dir='ltr'><strong>odio</strong></span> <span class='ocrx_word' id='word_1_153' title='bbox 953 2422 1060 2470; x_wconf 92' lang='lat' dir='ltr'><strong>omnes</strong></span> <span class='ocrx_word' id='word_1_154' title='bbox 1083 2402 1265 2486; x_wconf 86' lang='lat' dir='ltr'><strong>flagrabant.</strong></span> 
     </span>
     <span class='ocr_line' id='line_1_21' title="bbox 150 2505 1267 2591; baseline -0.001 -22"><span class='ocrx_word' id='word_1_155' title='bbox 150 2505 221 2572; x_wconf 91' lang='lat' dir='ltr'><strong>Hoc</strong></span> <span class='ocrx_word' id='word_1_156' title='bbox 243 2506 364 2591; x_wconf 87' lang='lat' dir='ltr'><strong>duplici</strong></span> <span class='ocrx_word' id='word_1_157' title='bbox 385 2505 548 2572; x_wconf 87' lang='lat' dir='ltr'><strong>indicativo</strong></span> <span class='ocrx_word' id='word_1_158' title='bbox 581 2507 667 2572; x_wconf 88' lang='lat' dir='ltr'><strong>haud</strong></span> <span class='ocrx_word' id='word_1_159' title='bbox 699 2506 762 2572; x_wconf 90' lang='lat' dir='ltr'><strong>scio</strong></span> <span class='ocrx_word' id='word_1_160' title='bbox 795 2524 836 2571; x_wconf 89' lang='lat' dir='ltr'><strong>an</strong></span> <span class='ocrx_word' id='word_1_161' title='bbox 859 2510 969 2572; x_wconf 84' lang='lat' dir='ltr'><strong>auctor</strong></span> <span class='ocrx_word' id='word_1_162' title='bbox 991 2506 1107 2574; x_wconf 79' lang='lat' dir='ltr'><strong>invidus</strong></span> <span class='ocrx_word' id='word_1_163' title='bbox 1128 2505 1267 2570; x_wconf 89' lang='lat' dir='ltr'><strong>imitatus</strong></span> 
     </span>
     <span class='ocr_line' id='line_1_22' title="bbox 150 2607 491 2676; baseline 0.006 -5"><span class='ocrx_word' id='word_1_164' title='bbox 150 2607 192 2673; x_wconf 90' lang='lat' dir='ltr'><strong>sit</strong></span> <span class='ocrx_word' id='word_1_165' title='bbox 214 2628 306 2673; x_wconf 90' lang='lat' dir='ltr'><strong>usum</strong></span> <span class='ocrx_word' id='word_1_166' title='bbox 328 2608 491 2676; x_wconf 79' lang='lat' dir='ltr'><strong>Graecum.</strong></span> 
     </span>
    </p>
   </div>
   <div class='ocr_carea' id='block_1_4' title="bbox 588 2783 827 2792">
    <p class='ocr_par' dir='ltr' id='par_1_6' title="bbox 588 2783 827 2792">
     <span class='ocr_line' id='line_1_23' title="bbox 588 2783 827 2792; baseline 0.004 -2"><span class='ocrx_word' id='word_1_167' title='bbox 588 2783 827 2792; x_wconf 69' lang='lat'><strong>——--—---—</strong></span> 
     </span>
    </p>
   </div>
   <div class='ocr_carea' id='block_1_5' title="bbox 149 2913 1268 4330">
    <p class='ocr_par' dir='ltr' id='par_1_7' title="bbox 149 2913 1268 3614">
     <span class='ocr_line' id='line_1_24' title="bbox 236 2913 1268 3003; baseline -0.005 -21"><span class='ocrx_word' id='word_1_168' title='bbox 236 2915 494 3000; x_wconf 81' lang='lat' dir='ltr'><strong>Gonjunetionem</strong></span> <span class='ocrx_word' id='word_1_169' title='bbox 518 2918 644 2996; x_wconf 85' lang='lat' dir='ltr'><strong>„licet“,</strong></span> <span class='ocrx_word' id='word_1_170' title='bbox 667 2937 763 3000; x_wconf 90' lang='lat' dir='ltr'><strong>quum</strong></span> <span class='ocrx_word' id='word_1_171' title='bbox 786 2918 933 3003; x_wconf 82' lang='lat' dir='ltr'><strong>primibus</strong></span> <span class='ocrx_word' id='word_1_172' title='bbox 955 2916 1082 2980; x_wconf 92' lang='lat' dir='ltr'><strong>verbum</strong></span> <span class='ocrx_word' id='word_1_173' title='bbox 1104 2917 1153 2992; x_wconf 87' lang='lat' dir='ltr'><strong>sit,</strong></span> <span class='ocrx_word' id='word_1_174' title='bbox 1183 2913 1268 2995; x_wconf 88' lang='lat' dir='ltr'><strong>apud</strong></span> 
     </span>
     <span class='ocr_line' id='line_1_25' title="bbox 150 3017 1265 3102; baseline -0.003 -20"><span class='ocrx_word' id='word_1_175' title='bbox 150 3035 262 3084; x_wconf 92' lang='lat' dir='ltr'><strong>omnes</strong></span> <span class='ocrx_word' id='word_1_176' title='bbox 294 3019 434 3084; x_wconf 90' lang='lat' dir='ltr'><strong>melioris</strong></span> <span class='ocrx_word' id='word_1_177' title='bbox 466 3018 633 3085; x_wconf 83' lang='lat' dir='ltr'><strong>latmitatis</strong></span> <span class='ocrx_word' id='word_1_178' title='bbox 666 3021 830 3102; x_wconf 87' lang='lat' dir='ltr'><strong>scriptores</strong></span> <span class='ocrx_word' id='word_1_179' title='bbox 863 3018 1004 3101; x_wconf 90' lang='lat' dir='ltr'><strong>sequitur</strong></span> <span class='ocrx_word' id='word_1_180' title='bbox 1038 3017 1265 3099; x_wconf 86' lang='lat' dir='ltr'><strong>conjunctivus.</strong></span> 
     </span>
     <span class='ocr_line' id='line_1_26' title="bbox 150 3118 1266 3202; baseline -0.004 -16"><span class='ocrx_word' id='word_1_181' title='bbox 150 3120 387 3186; x_wconf 86' lang='lat' dir='ltr'><strong>Recentissimis</strong></span> <span class='ocrx_word' id='word_1_182' title='bbox 409 3125 515 3187; x_wconf 86' lang='lat' dir='ltr'><strong>tamen</strong></span> <span class='ocrx_word' id='word_1_183' title='bbox 535 3121 745 3202; x_wconf 85' lang='lat' dir='ltr'><strong>temporibus,</strong></span> <span class='ocrx_word' id='word_1_184' title='bbox 778 3122 836 3188; x_wconf 91' lang='lat' dir='ltr'><strong>illa</strong></span> <span class='ocrx_word' id='word_1_185' title='bbox 856 3121 941 3186; x_wconf 94' lang='lat' dir='ltr'><strong>verbi</strong></span> <span class='ocrx_word' id='word_1_186' title='bbox 967 3120 1087 3185; x_wconf 86' lang='lat' dir='ltr'><strong>ratione</strong></span> <span class='ocrx_word' id='word_1_187' title='bbox 1114 3118 1266 3202; x_wconf 86' lang='lat' dir='ltr'><strong>neglecta,</strong></span> 
     </span>
     <span class='ocr_line' id='line_1_27' title="bbox 150 3221 1268 3306; baseline -0.004 -18"><span class='ocrx_word' id='word_1_188' title='bbox 150 3224 268 3302; x_wconf 85' lang='lat' dir='ltr'><strong>„lioet“</strong></span> <span class='ocrx_word' id='word_1_189' title='bbox 300 3227 338 3289; x_wconf 92' lang='lat' dir='ltr'><strong>ut</strong></span> <span class='ocrx_word' id='word_1_190' title='bbox 360 3226 600 3306; x_wconf 84' lang='lat' dir='ltr'><strong>„quamquam“,</strong></span> <span class='ocrx_word' id='word_1_191' title='bbox 634 3223 734 3302; x_wconf 89' lang='lat' dir='ltr'><strong>„etsi“</strong></span> <span class='ocrx_word' id='word_1_192' title='bbox 766 3242 821 3306; x_wconf 88' lang='lat' dir='ltr'><strong>pro</strong></span> <span class='ocrx_word' id='word_1_193' title='bbox 854 3221 1071 3304; x_wconf 89' lang='lat' dir='ltr'><strong>conjunctione</strong></span> <span class='ocrx_word' id='word_1_194' title='bbox 1104 3222 1268 3302; x_wconf 90' lang='lat' dir='ltr'><strong>acceptum</strong></span> 
     </span>
     <span class='ocr_line' id='line_1_28' title="bbox 150 3319 1267 3408; baseline -0.004 -18"><span class='ocrx_word' id='word_1_195' title='bbox 150 3345 221 3390; x_wconf 89' lang='lat' dir='ltr'><strong>cum</strong></span> <span class='ocrx_word' id='word_1_196' title='bbox 241 3327 410 3392; x_wconf 87' lang='lat' dir='ltr'><strong>indicativo</strong></span> <span class='ocrx_word' id='word_1_197' title='bbox 433 3328 481 3392; x_wconf 91' lang='lat' dir='ltr'><strong>est</strong></span> <span class='ocrx_word' id='word_1_198' title='bbox 496 3324 716 3408; x_wconf 87' lang='lat' dir='ltr'><strong>conjunctum.</strong></span> <span class='ocrx_word' id='word_1_199' title='bbox 759 3324 901 3391; x_wconf 90' lang='lat' dir='ltr'><strong>Handius</strong></span> <span class='ocrx_word' id='word_1_200' title='bbox 923 3322 1026 3407; x_wconf 84' lang='lat' dir='ltr'><strong>(Turs.</strong></span> <span class='ocrx_word' id='word_1_201' title='bbox 1050 3323 1115 3401; x_wconf 92' lang='lat' dir='ltr'>III,</span> <span class='ocrx_word' id='word_1_202' title='bbox 1138 3344 1168 3406; x_wconf 90' lang='lat' dir='ltr'><strong>p.</strong></span> <span class='ocrx_word' id='word_1_203' title='bbox 1191 3319 1267 3403; x_wconf 76' lang='lat'><strong>545)</strong></span> 
     </span>
     <span class='ocr_line' id='line_1_29' title="bbox 149 3424 1267 3512; baseline -0.004 -20"><span class='ocrx_word' id='word_1_204' title='bbox 149 3430 287 3511; x_wconf 90' lang='lat' dir='ltr'><strong>primum</strong></span> <span class='ocrx_word' id='word_1_205' title='bbox 310 3427 342 3492; x_wconf 90' lang='lat' dir='ltr'><strong>id</strong></span> <span class='ocrx_word' id='word_1_206' title='bbox 360 3429 442 3512; x_wconf 89' lang='lat' dir='ltr'><strong>juris</strong></span> <span class='ocrx_word' id='word_1_207' title='bbox 463 3429 633 3507; x_wconf 88' lang='lat' dir='ltr'><strong>consultos,</strong></span> <span class='ocrx_word' id='word_1_208' title='bbox 657 3431 694 3494; x_wconf 87' lang='lat' dir='ltr'><strong>ut</strong></span> <span class='ocrx_word' id='word_1_209' title='bbox 707 3429 900 3512; x_wconf 74' lang='lat' dir='ltr'><strong>Ulpianum,</strong></span> <span class='ocrx_word' id='word_1_210' title='bbox 925 3424 1035 3491; x_wconf 90' lang='lat' dir='ltr'><strong>deinde</strong></span> <span class='ocrx_word' id='word_1_211' title='bbox 1057 3425 1133 3490; x_wconf 91' lang='lat' dir='ltr'><strong>alios</strong></span> <span class='ocrx_word' id='word_1_212' title='bbox 1156 3424 1267 3490; x_wconf 86' lang='lat' dir='ltr'><strong>fecisse</strong></span> 
     </span>
     <span class='ocr_line' id='line_1_30' title="bbox 151 3529 731 3614; baseline 0 -18"><span class='ocrx_word' id='word_1_213' title='bbox 151 3531 236 3611; x_wconf 90' lang='lat' dir='ltr'><strong>dicit,</strong></span> <span class='ocrx_word' id='word_1_214' title='bbox 258 3535 296 3596; x_wconf 93' lang='lat' dir='ltr'><strong>ut</strong></span> <span class='ocrx_word' id='word_1_215' title='bbox 318 3529 500 3614; x_wconf 81' lang='lat' dir='ltr'><strong>Apulejum,</strong></span> <span class='ocrx_word' id='word_1_216' title='bbox 525 3531 731 3597; x_wconf 89' lang='lat' dir='ltr'><strong>Macrobium.</strong></span> 
     </span>
    </p>

    <p class='ocr_par' dir='ltr' id='par_1_8' title="bbox 150 3628 1268 3819">
     <span class='ocr_line' id='line_1_31' title="bbox 233 3628 1268 3717; baseline -0.005 -18"><span class='ocrx_word' id='word_1_217' title='bbox 233 3634 322 3700; x_wconf 90' lang='lat' dir='ltr'><strong>Idem</strong></span> <span class='ocrx_word' id='word_1_218' title='bbox 344 3653 422 3699; x_wconf 90' lang='lat' dir='ltr'><strong>usus</strong></span> <span class='ocrx_word' id='word_1_219' title='bbox 443 3633 604 3699; x_wconf 87' lang='lat' dir='ltr'><strong>invenitur</strong></span> <span class='ocrx_word' id='word_1_220' title='bbox 625 3634 707 3717; x_wconf 88' lang='lat' dir='ltr'><strong>apud</strong></span> <span class='ocrx_word' id='word_1_221' title='bbox 729 3634 932 3698; x_wconf 86' lang='lat' dir='ltr'><strong>Ammianum</strong></span> <span class='ocrx_word' id='word_1_222' title='bbox 965 3649 1002 3697; x_wconf 89' lang='lat' dir='ltr'><strong>ac</strong></span> <span class='ocrx_word' id='word_1_223' title='bbox 1035 3629 1173 3696; x_wconf 89' lang='lat' dir='ltr'><strong>crebrius</strong></span> <span class='ocrx_word' id='word_1_224' title='bbox 1205 3628 1268 3694; x_wconf 86' lang='lat' dir='ltr'><strong>fere</strong></span> 
     </span>
     <span class='ocr_line' id='line_1_32' title="bbox 150 3735 497 3819; baseline -0.014 -16"><span class='ocrx_word' id='word_1_225' title='bbox 150 3755 245 3819; x_wconf 90' lang='lat' dir='ltr'><strong>quam</strong></span> <span class='ocrx_word' id='word_1_226' title='bbox 268 3735 497 3818; x_wconf 88' lang='lat' dir='ltr'><strong>conjunctivus.</strong></span> 
     </span>
    </p>

    <p class='ocr_par' dir='ltr' id='par_1_9' title="bbox 149 3835 1268 4330">
     <span class='ocr_line' id='line_1_33' title="bbox 235 3835 1265 3919; baseline -0.004 -17"><span class='ocrx_word' id='word_1_227' title='bbox 235 3837 403 3904; x_wconf 90' lang='lat' dir='ltr'><strong>Indicativi</strong></span> <span class='ocrx_word' id='word_1_228' title='bbox 423 3837 578 3919; x_wconf 82' lang='lat' dir='ltr'><strong>exempla:</strong></span> <span class='ocrx_word' id='word_1_229' title='bbox 600 3837 669 3915; x_wconf 93' lang='lat' dir='ltr'><strong>XX,</strong></span> <span class='ocrx_word' id='word_1_230' title='bbox 693 3839 722 3917; x_wconf 88' lang='lat'><strong>3,</strong></span> <span class='ocrx_word' id='word_1_231' title='bbox 746 3838 780 3901; x_wconf 86' lang='lat'><strong>3:</strong></span> <span class='ocrx_word' id='word_1_232' title='bbox 801 3837 876 3902; x_wconf 92' lang='lat' dir='ltr'><strong>licet</strong></span> <span class='ocrx_word' id='word_1_233' title='bbox 897 3837 1061 3919; x_wconf 85' lang='lat' dir='ltr'><strong>utriusque</strong></span> <span class='ocrx_word' id='word_1_234' title='bbox 1084 3835 1192 3901; x_wconf 91' lang='lat' dir='ltr'><strong>sideris</strong></span> <span class='ocrx_word' id='word_1_235' title='bbox 1209 3884 1216 3898; x_wconf 94' lang='lat'><strong>.</strong></span> <span class='ocrx_word' id='word_1_236' title='bbox 1233 3883 1265 3898; x_wconf 93' lang='lat'><strong>..</strong></span> 
     </span>
     <span class='ocr_line' id='line_1_34' title="bbox 150 3936 1267 4022; baseline -0.003 -18"><span class='ocrx_word' id='word_1_237' title='bbox 150 3944 256 4005; x_wconf 89' lang='lat' dir='ltr'><strong>motus</strong></span> <span class='ocrx_word' id='word_1_238' title='bbox 273 3989 280 4006; x_wconf 89' lang='lat'><strong>.</strong></span> <span class='ocrx_word' id='word_1_239' title='bbox 297 3988 329 4005; x_wconf 92' lang='lat'><strong>..</strong></span> <span class='ocrx_word' id='word_1_240' title='bbox 353 3939 551 4007; x_wconf 88' lang='lat' dir='ltr'><strong>conveniunt.</strong></span> <span class='ocrx_word' id='word_1_241' title='bbox 594 3937 678 4018; x_wconf 90' lang='lat' dir='ltr'>XVI,</span> <span class='ocrx_word' id='word_1_242' title='bbox 714 3940 762 4018; x_wconf 86' lang='lat'><strong>10,</strong></span> <span class='ocrx_word' id='word_1_243' title='bbox 799 3940 854 4004; x_wconf 89' lang='lat' dir='ltr'><strong>ll:</strong></span> <span class='ocrx_word' id='word_1_244' title='bbox 888 3959 965 4022; x_wconf 91' lang='lat' dir='ltr'><strong>quae</strong></span> <span class='ocrx_word' id='word_1_245' title='bbox 986 3942 1062 4006; x_wconf 86' lang='lat' dir='ltr'><strong>licet</strong></span> <span class='ocrx_word' id='word_1_246' title='bbox 1083 3936 1267 4003; x_wconf 83' lang='lat' dir='ltr'><strong>adfectabat.</strong></span> 
     </span>
     <span class='ocr_line' id='line_1_35' title="bbox 149 4040 1267 4125; baseline -0.004 -19"><span class='ocrx_word' id='word_1_247' title='bbox 149 4041 269 4121; x_wconf 90' lang='lat' dir='ltr'>XVIII,</span> <span class='ocrx_word' id='word_1_248' title='bbox 292 4044 322 4121; x_wconf 86' lang='lat'><strong>4,</strong></span> <span class='ocrx_word' id='word_1_249' title='bbox 344 4041 381 4107; x_wconf 79' lang='lat'><strong>5:</strong></span> <span class='ocrx_word' id='word_1_250' title='bbox 404 4041 479 4108; x_wconf 86' lang='lat' dir='ltr'><strong>licet</strong></span> <span class='ocrx_word' id='word_1_251' title='bbox 500 4042 673 4125; x_wconf 89' lang='lat' dir='ltr'><strong>patris...</strong></span> <span class='ocrx_word' id='word_1_252' title='bbox 698 4042 948 4108; x_wconf 88' lang='lat' dir='ltr'><strong>memoriam...</strong></span> <span class='ocrx_word' id='word_1_253' title='bbox 972 4040 1172 4122; x_wconf 80' lang='lat' dir='ltr'><strong>detestatione</strong></span> <span class='ocrx_word' id='word_1_254' title='bbox 1195 4058 1267 4121; x_wconf 93' lang='lat' dir='ltr'><strong>per-</strong></span> 
     </span>
     <span class='ocr_line' id='line_1_36' title="bbox 151 4141 1268 4226; baseline -0.001 -17"><span class='ocrx_word' id='word_1_255' title='bbox 151 4144 241 4210; x_wconf 88' lang='lat' dir='ltr'><strong>fudit.</strong></span> <span class='ocrx_word' id='word_1_256' title='bbox 284 4144 433 4224; x_wconf 87' lang='lat' dir='ltr'>XXVIII,</span> <span class='ocrx_word' id='word_1_257' title='bbox 455 4142 485 4222; x_wconf 83' lang='lat'><strong>5,</strong></span> <span class='ocrx_word' id='word_1_258' title='bbox 510 4142 544 4205; x_wconf 84' lang='lat' dir='ltr'><strong>V:</strong></span> <span class='ocrx_word' id='word_1_259' title='bbox 577 4141 653 4208; x_wconf 86' lang='lat' dir='ltr'><strong>licet</strong></span> <span class='ocrx_word' id='word_1_260' title='bbox 680 4143 783 4226; x_wconf 89' lang='lat' dir='ltr'><strong>justus</strong></span> <span class='ocrx_word' id='word_1_261' title='bbox 816 4147 932 4211; x_wconf 88' lang='lat' dir='ltr'><strong>arbiter</strong></span> <span class='ocrx_word' id='word_1_262' title='bbox 962 4145 1082 4210; x_wconf 87' lang='lat' dir='ltr'><strong>factum</strong></span> <span class='ocrx_word' id='word_1_263' title='bbox 1109 4141 1268 4208; x_wconf 86' lang='lat' dir='ltr'><strong>incusabit</strong></span> 
     </span>
     <span class='ocr_line' id='line_1_37' title="bbox 151 4242 1266 4330; baseline 0 -20"><span class='ocrx_word' id='word_1_264' title='bbox 151 4246 304 4330; x_wconf 88' lang='lat' dir='ltr'><strong>perfidum</strong></span> <span class='ocrx_word' id='word_1_265' title='bbox 335 4250 367 4314; x_wconf 88' lang='lat' dir='ltr'><strong>et</strong></span> <span class='ocrx_word' id='word_1_266' title='bbox 396 4245 541 4312; x_wconf 85' lang='lat' dir='ltr'><strong>deforme.</strong></span> <span class='ocrx_word' id='word_1_267' title='bbox 561 4255 605 4296; x_wconf 79' lang='lat'><strong>&#39;-</strong></span> <span class='ocrx_word' id='word_1_268' title='bbox 628 4243 791 4314; x_wconf 86' lang='lat' dir='ltr'><strong>SImilitcr:</strong></span> <span class='ocrx_word' id='word_1_269' title='bbox 825 4247 911 4327; x_wconf 90' lang='lat' dir='ltr'>XIX,</span> <span class='ocrx_word' id='word_1_270' title='bbox 934 4249 963 4326; x_wconf 87' lang='lat'><strong>3,</strong></span> <span class='ocrx_word' id='word_1_271' title='bbox 986 4247 1015 4313; x_wconf 85' lang='lat'><strong>3.</strong></span> <span class='ocrx_word' id='word_1_272' title='bbox 1058 4242 1089 4324; x_wconf 82' lang='lat'><strong>5,</strong></span> <span class='ocrx_word' id='word_1_273' title='bbox 1111 4244 1140 4310; x_wconf 90' lang='grc'><strong>4.</strong></span> <span class='ocrx_word' id='word_1_274' title='bbox 1185 4244 1215 4324; x_wconf 88' lang='grc'><strong>9,</strong></span> <span class='ocrx_word' id='word_1_275' title='bbox 1237 4245 1266 4310; x_wconf 87' lang='grc'><strong>9.</strong></span> 
     </span>
    </p>
   </div>
   <div class='ocr_carea' id='block_1_6' title="bbox 0 0 1605 5056">
    <p class='ocr_par' dir='ltr' id='par_1_10' title="bbox 0 0 1605 5056">
     <span class='ocr_line' id='line_1_38' title="bbox 0 0 1605 5056; baseline 0 0"><span class='ocrx_word' id='word_1_276' title='bbox 0 0 1605 5056; x_wconf 95' lang='lat' dir='ltr'><strong> </strong></span> 
     </span>
    </p>
   </div>
  </div>
 </body>
</html>
