<?xml version="1.0" encoding="UTF-8"?>
<!DOCTYPE html PUBLIC "-//W3C//DTD XHTML 1.0 Transitional//EN"
    "http://www.w3.org/TR/xhtml1/DTD/xhtml1-transitional.dtd">
<html xmlns="http://www.w3.org/1999/xhtml" xml:lang="en" lang="en">
 <head>
  <title>
</title>
<meta http-equiv="Content-Type" content="text/html;charset=utf-8" />
  <meta name='ocr-system' content='tesseract 3.04.00' />
  <meta name='ocr-capabilities' content='ocr_page ocr_carea ocr_par ocr_line ocrx_word'/>
</head>
<body>
  <div class='ocr_page' id='page_1' title='image "./desyntaxiammian00hassgoog_0058.png"; bbox 0 0 3194 5056; ppageno 0'>
   <div class='ocr_carea' id='block_1_1' title="bbox 699 360 741 425">
    <p class='ocr_par' dir='ltr' id='par_1_1' title="bbox 699 360 741 425">
     <span class='ocr_line' id='line_1_1' title="bbox 699 360 741 425; baseline 0.024 -1"><span class='ocrx_word' id='word_1_1' title='bbox 699 360 741 425; x_wconf 89' lang='grc'><strong>49</strong></span> 
     </span>
    </p>
   </div>
   <div class='ocr_carea' id='block_1_2' title="bbox 158 551 1277 1867">
    <p class='ocr_par' dir='ltr' id='par_1_2' title="bbox 158 551 1276 944">
     <span class='ocr_line' id='line_1_2' title="bbox 158 551 1276 638; baseline -0.001 -20"><span class='ocrx_word' id='word_1_2' title='bbox 158 553 354 636; x_wconf 78' lang='lat' dir='ltr'><strong>Quamquam</strong></span> <span class='ocrx_word' id='word_1_3' title='bbox 385 552 556 630; x_wconf 89' lang='lat' dir='ltr'><strong>enuntiata,</strong></span> <span class='ocrx_word' id='word_1_4' title='bbox 588 569 665 634; x_wconf 89' lang='lat' dir='ltr'><strong>quae</strong></span> <span class='ocrx_word' id='word_1_5' title='bbox 696 551 776 618; x_wconf 90' lang='lat' dir='ltr'><strong>bano</strong></span> <span class='ocrx_word' id='word_1_6' title='bbox 809 557 992 638; x_wconf 85' lang='lat' dir='ltr'><strong>sequuntur,</strong></span> <span class='ocrx_word' id='word_1_7' title='bbox 1026 553 1178 621; x_wconf 89' lang='lat' dir='ltr'><strong>indirecta</strong></span> <span class='ocrx_word' id='word_1_8' title='bbox 1209 573 1276 619; x_wconf 88' lang='lat' dir='ltr'><strong>esse</strong></span> 
     </span>
     <span class='ocr_line' id='line_1_3' title="bbox 159 654 1276 740; baseline -0.001 -19"><span class='ocrx_word' id='word_1_9' title='bbox 159 658 298 740; x_wconf 89' lang='lat' dir='ltr'><strong>apparet,</strong></span> <span class='ocrx_word' id='word_1_10' title='bbox 333 657 439 720; x_wconf 89' lang='lat' dir='ltr'><strong>tamen</strong></span> <span class='ocrx_word' id='word_1_11' title='bbox 471 654 505 719; x_wconf 92' lang='lat' dir='ltr'><strong>in</strong></span> <span class='ocrx_word' id='word_1_12' title='bbox 535 655 594 734; x_wconf 92' lang='lat' dir='ltr'><strong>bis,</strong></span> <span class='ocrx_word' id='word_1_13' title='bbox 628 657 664 719; x_wconf 95' lang='lat' dir='ltr'><strong>ut</strong></span> <span class='ocrx_word' id='word_1_14' title='bbox 694 654 728 720; x_wconf 95' lang='lat' dir='ltr'><strong>in</strong></span> <span class='ocrx_word' id='word_1_15' title='bbox 753 657 897 721; x_wconf 88' lang='lat' dir='ltr'><strong>omnibus</strong></span> <span class='ocrx_word' id='word_1_16' title='bbox 920 657 1089 723; x_wconf 78' lang='lat' dir='ltr'><strong>enuntiatis</strong></span> <span class='ocrx_word' id='word_1_17' title='bbox 1117 654 1276 722; x_wconf 89' lang='lat' dir='ltr'><strong>indirectis</strong></span> 
     </span>
     <span class='ocr_line' id='line_1_4' title="bbox 162 756 1276 842; baseline -0.003 -19"><span class='ocrx_word' id='word_1_18' title='bbox 162 759 207 842; x_wconf 90' lang='lat' dir='ltr'><strong>(p.</strong></span> <span class='ocrx_word' id='word_1_19' title='bbox 228 759 268 823; x_wconf 76' lang='lat'><strong>37</strong></span> <span class='ocrx_word' id='word_1_20' title='bbox 292 759 390 840; x_wconf 83' lang='lat' dir='ltr'><strong>sqq),</strong></span> <span class='ocrx_word' id='word_1_21' title='bbox 423 775 486 822; x_wconf 89' lang='lat' dir='ltr'><strong>nun</strong></span> <span class='ocrx_word' id='word_1_22' title='bbox 519 756 613 823; x_wconf 88' lang='lat' dir='ltr'><strong>medo</strong></span> <span class='ocrx_word' id='word_1_23' title='bbox 635 757 860 841; x_wconf 78' lang='lat' dir='ltr'><strong>conjunctivus,</strong></span> <span class='ocrx_word' id='word_1_24' title='bbox 890 758 942 823; x_wconf 92' lang='lat' dir='ltr'><strong>sed</strong></span> <span class='ocrx_word' id='word_1_25' title='bbox 965 760 1061 825; x_wconf 90' lang='lat' dir='ltr'><strong>etiam</strong></span> <span class='ocrx_word' id='word_1_26' title='bbox 1087 757 1276 824; x_wconf 76' lang='lat' dir='ltr'><strong>indicativus</strong></span> 
     </span>
     <span class='ocr_line' id='line_1_5' title="bbox 162 859 1276 944; baseline -0.002 -20"><span class='ocrx_word' id='word_1_27' title='bbox 162 863 284 943; x_wconf 80' lang='lat' dir='ltr'><strong>legitur.</strong></span> <span class='ocrx_word' id='word_1_28' title='bbox 329 860 436 942; x_wconf 82' lang='lat' dir='ltr'><strong>Atque</strong></span> <span class='ocrx_word' id='word_1_29' title='bbox 466 859 517 924; x_wconf 91' lang='lat' dir='ltr'><strong>hic</strong></span> <span class='ocrx_word' id='word_1_30' title='bbox 545 859 670 942; x_wconf 89' lang='lat' dir='ltr'><strong>quidem</strong></span> <span class='ocrx_word' id='word_1_31' title='bbox 701 863 749 924; x_wconf 90' lang='lat' dir='ltr'><strong>est</strong></span> <span class='ocrx_word' id='word_1_32' title='bbox 776 860 919 929; x_wconf 81' lang='lat' dir='ltr'><strong>crebrior.</strong></span> <span class='ocrx_word' id='word_1_33' title='bbox 969 860 1131 944; x_wconf 86' lang='lat' dir='ltr'><strong>(Kallenb.</strong></span> <span class='ocrx_word' id='word_1_34' title='bbox 1152 861 1174 926; x_wconf 88' lang='lat' dir='ltr'><strong>l.</strong></span> <span class='ocrx_word' id='word_1_35' title='bbox 1198 880 1222 926; x_wconf 92' lang='lat' dir='ltr'><strong>c.</strong></span> <span class='ocrx_word' id='word_1_36' title='bbox 1245 879 1276 944; x_wconf 92' lang='lat' dir='ltr'><strong>p.</strong></span> 
     </span>
    </p>

    <p class='ocr_par' dir='ltr' id='par_1_3' title="bbox 158 1065 1277 1867">
     <span class='ocr_line' id='line_1_6' title="bbox 243 1065 1277 1146; baseline 0.002 -18"><span class='ocrx_word' id='word_1_37' title='bbox 243 1065 352 1143; x_wconf 85' lang='lat' dir='ltr'><strong>Verba,</strong></span> <span class='ocrx_word' id='word_1_38' title='bbox 377 1081 455 1146; x_wconf 92' lang='lat' dir='ltr'><strong>quae</strong></span> <span class='ocrx_word' id='word_1_39' title='bbox 478 1067 705 1134; x_wconf 76' lang='lat' dir='ltr'><strong>cornetanae</strong></span> <span class='ocrx_word' id='word_1_40' title='bbox 733 1067 901 1141; x_wconf 75' lang='lat' dir='ltr'><strong>latinitatis</strong></span> <span class='ocrx_word' id='word_1_41' title='bbox 928 1084 1047 1132; x_wconf 87' lang='lat' dir='ltr'><strong>morem</strong></span> <span class='ocrx_word' id='word_1_42' title='bbox 1078 1065 1277 1132; x_wconf 83' lang='lat' dir='ltr'><strong>accusativus</strong></span> 
     </span>
     <span class='ocr_line' id='line_1_7' title="bbox 164 1163 1276 1252; baseline 0.002 -21"><span class='ocrx_word' id='word_1_43' title='bbox 164 1185 239 1231; x_wconf 90' lang='lat' dir='ltr'><strong>oum</strong></span> <span class='ocrx_word' id='word_1_44' title='bbox 258 1163 401 1230; x_wconf 85' lang='lat' dir='ltr'><strong>infinitivo</strong></span> <span class='ocrx_word' id='word_1_45' title='bbox 424 1167 571 1250; x_wconf 86' lang='lat' dir='ltr'><strong>sequitur,</strong></span> <span class='ocrx_word' id='word_1_46' title='bbox 603 1189 791 1252; x_wconf 88' lang='lat' dir='ltr'><strong>quorumque</strong></span> <span class='ocrx_word' id='word_1_47' title='bbox 812 1171 845 1235; x_wconf 92' lang='lat' dir='ltr'><strong>in</strong></span> <span class='ocrx_word' id='word_1_48' title='bbox 866 1189 1034 1236; x_wconf 87' lang='lat' dir='ltr'><strong>numerum</strong></span> <span class='ocrx_word' id='word_1_49' title='bbox 1064 1167 1160 1232; x_wconf 89' lang='lat' dir='ltr'><strong>etiam</strong></span> <span class='ocrx_word' id='word_1_50' title='bbox 1181 1168 1276 1233; x_wconf 90' lang='lat' dir='ltr'><strong>verba</strong></span> 
     </span>
     <span class='ocr_line' id='line_1_8' title="bbox 167 1266 1277 1355; baseline 0.002 -23"><span class='ocrx_word' id='word_1_51' title='bbox 167 1266 320 1333; x_wconf 78' lang='lat' dir='ltr'><strong>transitive</strong></span> <span class='ocrx_word' id='word_1_52' title='bbox 349 1267 472 1349; x_wconf 89' lang='lat' dir='ltr'><strong>objecto</strong></span> <span class='ocrx_word' id='word_1_53' title='bbox 502 1289 557 1334; x_wconf 92' lang='lat' dir='ltr'><strong>suo</strong></span> <span class='ocrx_word' id='word_1_54' title='bbox 585 1274 618 1337; x_wconf 93' lang='lat' dir='ltr'><strong>et</strong></span> <span class='ocrx_word' id='word_1_55' title='bbox 644 1272 797 1338; x_wconf 90' lang='lat' dir='ltr'><strong>infinitivo</strong></span> <span class='ocrx_word' id='word_1_56' title='bbox 820 1272 932 1355; x_wconf 88' lang='lat' dir='ltr'><strong>juncta</strong></span> <span class='ocrx_word' id='word_1_57' title='bbox 960 1270 1070 1349; x_wconf 86' lang='lat' dir='ltr'><strong>refero,</strong></span> <span class='ocrx_word' id='word_1_58' title='bbox 1098 1269 1175 1334; x_wconf 88' lang='lat' dir='ltr'><strong>baec</strong></span> <span class='ocrx_word' id='word_1_59' title='bbox 1203 1272 1277 1334; x_wconf 90' lang='lat' dir='ltr'><strong>suut</strong></span> 
     </span>
     <span class='ocr_line' id='line_1_9' title="bbox 170 1367 1276 1458; baseline 0.005 -25"><span class='ocrx_word' id='word_1_60' title='bbox 170 1367 364 1452; x_wconf 82' lang='lat' dir='ltr'><strong>(Kalleuberg</strong></span> <span class='ocrx_word' id='word_1_61' title='bbox 385 1372 406 1435; x_wconf 97' lang='lat' dir='ltr'><strong>l.</strong></span> <span class='ocrx_word' id='word_1_62' title='bbox 421 1391 447 1436; x_wconf 88' lang='lat' dir='ltr'><strong>c.</strong></span> <span class='ocrx_word' id='word_1_63' title='bbox 463 1392 495 1455; x_wconf 90' lang='lat' dir='ltr'><strong>p.</strong></span> <span class='ocrx_word' id='word_1_64' title='bbox 509 1373 545 1437; x_wconf 99' lang='grc'><strong>21</strong></span> <span class='ocrx_word' id='word_1_65' title='bbox 566 1374 660 1458; x_wconf 89' lang='lat' dir='ltr'><strong>sqq.):</strong></span> <span class='ocrx_word' id='word_1_66' title='bbox 682 1376 857 1458; x_wconf 90' lang='lat' dir='ltr'><strong>impetrare,</strong></span> <span class='ocrx_word' id='word_1_67' title='bbox 880 1374 1059 1458; x_wconf 83' lang='lat' dir='ltr'><strong>permittere</strong></span> <span class='ocrx_word' id='word_1_68' title='bbox 1081 1370 1181 1454; x_wconf 87' lang='lat' dir='ltr'><strong>(XIV,</strong></span> <span class='ocrx_word' id='word_1_69' title='bbox 1195 1372 1223 1449; x_wconf 91' lang='lat'><strong>1,</strong></span> <span class='ocrx_word' id='word_1_70' title='bbox 1239 1373 1276 1438; x_wconf 86' lang='lat'><strong>3:</strong></span> 
     </span>
     <span class='ocr_line' id='line_1_10' title="bbox 165 1472 1273 1558; baseline 0.004 -23"><span class='ocrx_word' id='word_1_71' title='bbox 165 1472 244 1554; x_wconf 90' lang='lat' dir='ltr'><strong>loqui</strong></span> <span class='ocrx_word' id='word_1_72' title='bbox 257 1473 451 1558; x_wconf 85' lang='lat' dir='ltr'><strong>permissus),</strong></span> <span class='ocrx_word' id='word_1_73' title='bbox 465 1474 615 1556; x_wconf 88' lang='lat' dir='ltr'><strong>ordinare,</strong></span> <span class='ocrx_word' id='word_1_74' title='bbox 638 1496 752 1556; x_wconf 87' lang='lat' dir='ltr'><strong>curare,</strong></span> <span class='ocrx_word' id='word_1_75' title='bbox 769 1481 918 1556; x_wconf 84' lang='lat' dir='ltr'><strong>statuere,</strong></span> <span class='ocrx_word' id='word_1_76' title='bbox 933 1476 1063 1554; x_wconf 89' lang='lat' dir='ltr'><strong>hortari,</strong></span> <span class='ocrx_word' id='word_1_77' title='bbox 1076 1475 1273 1558; x_wconf 90' lang='lat' dir='ltr'><strong>compellere,</strong></span> 
     </span>
     <span class='ocr_line' id='line_1_11' title="bbox 159 1575 1273 1663; baseline 0 -23"><span class='ocrx_word' id='word_1_78' title='bbox 159 1577 348 1660; x_wconf 89' lang='lat' dir='ltr'><strong>praecipere,</strong></span> <span class='ocrx_word' id='word_1_79' title='bbox 385 1579 541 1658; x_wconf 88' lang='lat' dir='ltr'><strong>mandare,</strong></span> <span class='ocrx_word' id='word_1_80' title='bbox 578 1579 735 1663; x_wconf 85' lang='lat' dir='ltr'><strong>pellicere,</strong></span> <span class='ocrx_word' id='word_1_81' title='bbox 770 1580 899 1655; x_wconf 88' lang='lat' dir='ltr'><strong>illicere,</strong></span> <span class='ocrx_word' id='word_1_82' title='bbox 936 1595 1101 1654; x_wconf 86' lang='lat' dir='ltr'><strong>arcessere,</strong></span> <span class='ocrx_word' id='word_1_83' title='bbox 1140 1575 1273 1657; x_wconf 82' lang='lat' dir='ltr'><strong>adigere,</strong></span> 
     </span>
     <span class='ocr_line' id='line_1_12' title="bbox 159 1676 1275 1763; baseline 0.001 -23"><span class='ocrx_word' id='word_1_84' title='bbox 159 1676 305 1761; x_wconf 87' lang='lat' dir='ltr'><strong>subigere,</strong></span> <span class='ocrx_word' id='word_1_85' title='bbox 329 1697 423 1759; x_wconf 89' lang='lat' dir='ltr'><strong>orare,</strong></span> <span class='ocrx_word' id='word_1_86' title='bbox 446 1699 580 1759; x_wconf 87' lang='lat' dir='ltr'><strong>mouere,</strong></span> <span class='ocrx_word' id='word_1_87' title='bbox 603 1682 775 1763; x_wconf 89' lang='lat' dir='ltr'><strong>instituere,</strong></span> <span class='ocrx_word' id='word_1_88' title='bbox 798 1682 866 1759; x_wconf 90' lang='lat' dir='ltr'><strong>uiti,</strong></span> <span class='ocrx_word' id='word_1_89' title='bbox 890 1681 962 1746; x_wconf 86' lang='lat' dir='ltr'><strong>dare</strong></span> <span class='ocrx_word' id='word_1_90' title='bbox 983 1678 1016 1763; x_wconf 88' lang='lat' dir='ltr'><strong>(i.</strong></span> <span class='ocrx_word' id='word_1_91' title='bbox 1040 1700 1067 1746; x_wconf 90' lang='lat' dir='ltr'><strong>e.</strong></span> <span class='ocrx_word' id='word_1_92' title='bbox 1090 1678 1275 1745; x_wconf 79' lang='lat' dir='ltr'><strong>securitatem</strong></span> 
     </span>
     <span class='ocr_line' id='line_1_13' title="bbox 158 1779 653 1867; baseline 0.016 -24"><span class='ocrx_word' id='word_1_93' title='bbox 158 1779 252 1865; x_wconf 89' lang='lat' dir='ltr'><strong>dare),</strong></span> <span class='ocrx_word' id='word_1_94' title='bbox 274 1782 442 1865; x_wconf 85' lang='lat' dir='ltr'><strong>ambigere,</strong></span> <span class='ocrx_word' id='word_1_95' title='bbox 464 1785 653 1867; x_wconf 89' lang='lat' dir='ltr'><strong>supplicare.</strong></span> 
     </span>
    </p>
   </div>
   <div class='ocr_carea' id='block_1_3' title="bbox 155 1901 1273 2296">
    <p class='ocr_par' dir='ltr' id='par_1_4' title="bbox 155 1901 1273 2091">
     <span class='ocr_line' id='line_1_14' title="bbox 238 1901 1273 1986; baseline 0 -21"><span class='ocrx_word' id='word_1_96' title='bbox 238 1901 342 1966; x_wconf 81' lang='lat' dir='ltr'><strong>Etiam</strong></span> <span class='ocrx_word' id='word_1_97' title='bbox 365 1904 462 1968; x_wconf 89' lang='lat' dir='ltr'><strong>solius</strong></span> <span class='ocrx_word' id='word_1_98' title='bbox 494 1905 643 1973; x_wconf 75' lang='lat' dir='ltr'><strong>infinitivi</strong></span> <span class='ocrx_word' id='word_1_99' title='bbox 673 1924 747 1970; x_wconf 90' lang='lat' dir='ltr'><strong>usus</strong></span> <span class='ocrx_word' id='word_1_100' title='bbox 775 1908 861 1970; x_wconf 87' lang='lat' dir='ltr'><strong>extra</strong></span> <span class='ocrx_word' id='word_1_101' title='bbox 892 1923 955 1983; x_wconf 90' lang='lat' dir='ltr'><strong>eos,</strong></span> <span class='ocrx_word' id='word_1_102' title='bbox 989 1921 1066 1986; x_wconf 88' lang='lat' dir='ltr'><strong>quos</strong></span> <span class='ocrx_word' id='word_1_103' title='bbox 1099 1902 1131 1966; x_wconf 94' lang='lat' dir='ltr'><strong>in</strong></span> <span class='ocrx_word' id='word_1_104' title='bbox 1153 1901 1273 1986; x_wconf 85' lang='lat' dir='ltr'><strong>optima</strong></span> 
     </span>
     <span class='ocr_line' id='line_1_15' title="bbox 155 2001 1272 2091; baseline 0.002 -26"><span class='ocrx_word' id='word_1_105' title='bbox 155 2001 307 2070; x_wconf 87' lang='lat' dir='ltr'><strong>latinitate</strong></span> <span class='ocrx_word' id='word_1_106' title='bbox 324 2006 489 2084; x_wconf 87' lang='lat' dir='ltr'><strong>babuerat,</strong></span> <span class='ocrx_word' id='word_1_107' title='bbox 509 2006 585 2074; x_wconf 91' lang='lat' dir='ltr'><strong>fines</strong></span> <span class='ocrx_word' id='word_1_108' title='bbox 603 2007 775 2090; x_wconf 87' lang='lat' dir='ltr'><strong>egreditur,</strong></span> <span class='ocrx_word' id='word_1_109' title='bbox 792 2026 864 2070; x_wconf 90' lang='lat' dir='ltr'><strong>uam</strong></span> <span class='ocrx_word' id='word_1_110' title='bbox 875 2007 1009 2091; x_wconf 87' lang='lat' dir='ltr'><strong>pertinet</strong></span> <span class='ocrx_word' id='word_1_111' title='bbox 1025 2004 1065 2070; x_wconf 93' lang='lat' dir='ltr'><strong>ad</strong></span> <span class='ocrx_word' id='word_1_112' title='bbox 1076 2005 1153 2069; x_wconf 89' lang='lat' dir='ltr'><strong>haec</strong></span> <span class='ocrx_word' id='word_1_113' title='bbox 1164 2003 1272 2068; x_wconf 86' lang='lat' dir='ltr'><strong>verba:</strong></span> 
     </span>
    </p>

    <p class='ocr_par' dir='ltr' id='par_1_5' title="bbox 155 2107 1270 2296">
     <span class='ocr_line' id='line_1_16' title="bbox 239 2107 1270 2190; baseline 0 -20"><span class='ocrx_word' id='word_1_114' title='bbox 239 2107 393 2189; x_wconf 84' lang='lat' dir='ltr'><strong>arbitrari,</strong></span> <span class='ocrx_word' id='word_1_115' title='bbox 426 2108 577 2189; x_wconf 87' lang='lat' dir='ltr'><strong>laborare,</strong></span> <span class='ocrx_word' id='word_1_116' title='bbox 612 2114 738 2188; x_wconf 88' lang='lat' dir='ltr'><strong>certare,</strong></span> <span class='ocrx_word' id='word_1_117' title='bbox 771 2110 909 2186; x_wconf 89' lang='lat' dir='ltr'><strong>hortari,</strong></span> <span class='ocrx_word' id='word_1_118' title='bbox 943 2107 1082 2185; x_wconf 89' lang='lat' dir='ltr'><strong>tendere,</strong></span> <span class='ocrx_word' id='word_1_119' title='bbox 1115 2111 1270 2190; x_wconf 86' lang='lat' dir='ltr'><strong>exoptare,</strong></span> 
     </span>
     <span class='ocr_line' id='line_1_17' title="bbox 155 2208 1237 2296; baseline -0.001 -25"><span class='ocrx_word' id='word_1_120' title='bbox 155 2227 289 2288; x_wconf 88' lang='lat' dir='ltr'><strong>monere,</strong></span> <span class='ocrx_word' id='word_1_121' title='bbox 312 2210 454 2289; x_wconf 91' lang='lat' dir='ltr'><strong>suadere,</strong></span> <span class='ocrx_word' id='word_1_122' title='bbox 479 2211 654 2296; x_wconf 84' lang='lat' dir='ltr'><strong>disponere,</strong></span> <span class='ocrx_word' id='word_1_123' title='bbox 674 2212 790 2288; x_wconf 89' lang='lat' dir='ltr'><strong>ardere,</strong></span> <span class='ocrx_word' id='word_1_124' title='bbox 809 2208 926 2292; x_wconf 85' lang='lat' dir='ltr'><strong>jubere,</strong></span> <span class='ocrx_word' id='word_1_125' title='bbox 949 2212 1065 2287; x_wconf 89' lang='lat' dir='ltr'><strong>vetare,</strong></span> <span class='ocrx_word' id='word_1_126' title='bbox 1088 2209 1237 2292; x_wconf 90' lang='lat' dir='ltr'><strong>adjurare.</strong></span> 
     </span>
    </p>
   </div>
   <div class='ocr_carea' id='block_1_4' title="bbox 556 2368 880 2448">
    <p class='ocr_par' dir='ltr' id='par_1_6' title="bbox 556 2368 880 2448">
     <span class='ocr_line' id='line_1_18' title="bbox 556 2368 880 2448; baseline -0.015 -13"><span class='ocrx_word' id='word_1_127' title='bbox 556 2372 612 2436; x_wconf 89' lang='lat' dir='ltr'><strong>De</strong></span> <span class='ocrx_word' id='word_1_128' title='bbox 633 2368 880 2448; x_wconf 87' lang='lat' dir='ltr'><strong>temporibus.</strong></span> 
     </span>
    </p>
   </div>
   <div class='ocr_carea' id='block_1_5' title="bbox 147 2483 1271 4203">
    <p class='ocr_par' dir='ltr' id='par_1_7' title="bbox 149 2483 1271 3180">
     <span class='ocr_line' id='line_1_19' title="bbox 238 2483 1271 2570; baseline 0.001 -22"><span class='ocrx_word' id='word_1_129' title='bbox 238 2483 425 2569; x_wconf 82' lang='lat' dir='ltr'><strong>Temporum</strong></span> <span class='ocrx_word' id='word_1_130' title='bbox 466 2505 584 2570; x_wconf 89' lang='lat' dir='ltr'><strong>quoque</strong></span> <span class='ocrx_word' id='word_1_131' title='bbox 627 2485 658 2551; x_wconf 91' lang='lat' dir='ltr'><strong>in</strong></span> <span class='ocrx_word' id='word_1_132' title='bbox 698 2505 756 2552; x_wconf 85' lang='lat' dir='ltr'><strong>usu</strong></span> <span class='ocrx_word' id='word_1_133' title='bbox 794 2485 1007 2552; x_wconf 80' lang='lat' dir='ltr'><strong>Ammiaueum</strong></span> <span class='ocrx_word' id='word_1_134' title='bbox 1042 2500 1215 2548; x_wconf 88' lang='lat' dir='ltr'><strong>sermonem</strong></span> <span class='ocrx_word' id='word_1_135' title='bbox 1251 2502 1271 2549; x_wconf 87' lang='lat' dir='ltr'><strong>a</strong></span> 
     </span>
     <span class='ocr_line' id='line_1_20' title="bbox 152 2584 1271 2675; baseline 0 -27"><span class='ocrx_word' id='word_1_136' title='bbox 152 2585 330 2652; x_wconf 86' lang='lat' dir='ltr'><strong>vetustioris</strong></span> <span class='ocrx_word' id='word_1_137' title='bbox 357 2586 522 2654; x_wconf 86' lang='lat' dir='ltr'><strong>latinitatis</strong></span> <span class='ocrx_word' id='word_1_138' title='bbox 548 2588 726 2675; x_wconf 85' lang='lat' dir='ltr'><strong>integritate</strong></span> <span class='ocrx_word' id='word_1_139' title='bbox 755 2607 791 2655; x_wconf 83' lang='lat' dir='ltr'><strong>ac</strong></span> <span class='ocrx_word' id='word_1_140' title='bbox 817 2586 985 2653; x_wconf 88' lang='lat' dir='ltr'><strong>subtilitate</strong></span> <span class='ocrx_word' id='word_1_141' title='bbox 1013 2585 1105 2670; x_wconf 84' lang='lat' dir='ltr'><strong>longe</strong></span> <span class='ocrx_word' id='word_1_142' title='bbox 1133 2584 1271 2651; x_wconf 90' lang='lat' dir='ltr'><strong>videmus</strong></span> 
     </span>
     <span class='ocr_line' id='line_1_21' title="bbox 151 2687 1270 2770; baseline 0.001 -20"><span class='ocrx_word' id='word_1_143' title='bbox 151 2687 390 2770; x_wconf 84' lang='lat' dir='ltr'><strong>degeneravisse.</strong></span> <span class='ocrx_word' id='word_1_144' title='bbox 436 2689 517 2756; x_wconf 86' lang='lat' dir='ltr'><strong>Nem</strong></span> <span class='ocrx_word' id='word_1_145' title='bbox 544 2711 602 2758; x_wconf 90' lang='lat' dir='ltr'><strong>non</strong></span> <span class='ocrx_word' id='word_1_146' title='bbox 637 2692 728 2757; x_wconf 90' lang='lat' dir='ltr'><strong>modo</strong></span> <span class='ocrx_word' id='word_1_147' title='bbox 761 2709 865 2758; x_wconf 87' lang='lat' dir='ltr'><strong>omues</strong></span> <span class='ocrx_word' id='word_1_148' title='bbox 897 2688 969 2754; x_wconf 88' lang='lat' dir='ltr'><strong>illae</strong></span> <span class='ocrx_word' id='word_1_149' title='bbox 1002 2705 1126 2755; x_wconf 87' lang='lat' dir='ltr'><strong>severae</strong></span> <span class='ocrx_word' id='word_1_150' title='bbox 1162 2706 1270 2754; x_wconf 89' lang='lat' dir='ltr'><strong>eonse-</strong></span> 
     </span>
     <span class='ocr_line' id='line_1_22' title="bbox 150 2789 1269 2878; baseline 0.001 -25"><span class='ocrx_word' id='word_1_151' title='bbox 150 2789 282 2857; x_wconf 87' lang='lat' dir='ltr'><strong>cutiouis</strong></span> <span class='ocrx_word' id='word_1_152' title='bbox 303 2792 478 2877; x_wconf 89' lang='lat' dir='ltr'><strong>temporum</strong></span> <span class='ocrx_word' id='word_1_153' title='bbox 511 2793 595 2878; x_wconf 84' lang='lat' dir='ltr'><strong>leges</strong></span> <span class='ocrx_word' id='word_1_154' title='bbox 617 2793 780 2878; x_wconf 90' lang='lat' dir='ltr'><strong>perierunt,</strong></span> <span class='ocrx_word' id='word_1_155' title='bbox 815 2790 988 2861; x_wconf 86' lang='lat' dir='ltr'><strong>sedetiam</strong></span> <span class='ocrx_word' id='word_1_156' title='bbox 1019 2792 1191 2876; x_wconf 90' lang='lat' dir='ltr'><strong>temporum</strong></span> <span class='ocrx_word' id='word_1_157' title='bbox 1220 2790 1269 2854; x_wconf 91' lang='lat' dir='ltr'><strong>vis</strong></span> 
     </span>
     <span class='ocr_line' id='line_1_23' title="bbox 150 2892 1269 2982; baseline -0.001 -26"><span class='ocrx_word' id='word_1_158' title='bbox 150 2909 188 2956; x_wconf 88' lang='lat' dir='ltr'><strong>ac</strong></span> <span class='ocrx_word' id='word_1_159' title='bbox 221 2893 372 2960; x_wconf 88' lang='lat' dir='ltr'><strong>sententia</strong></span> <span class='ocrx_word' id='word_1_160' title='bbox 404 2892 505 2976; x_wconf 87' lang='lat' dir='ltr'><strong>aliquo</strong></span> <span class='ocrx_word' id='word_1_161' title='bbox 537 2894 626 2961; x_wconf 93' lang='lat' dir='ltr'><strong>modo</strong></span> <span class='ocrx_word' id='word_1_162' title='bbox 660 2899 805 2982; x_wconf 85' lang='lat' dir='ltr'><strong>corrupta</strong></span> <span class='ocrx_word' id='word_1_163' title='bbox 835 2897 883 2960; x_wconf 88' lang='lat' dir='ltr'><strong>est</strong></span> <span class='ocrx_word' id='word_1_164' title='bbox 912 2895 943 2958; x_wconf 90' lang='lat' dir='ltr'><strong>et</strong></span> <span class='ocrx_word' id='word_1_165' title='bbox 963 2893 1121 2975; x_wconf 85' lang='lat' dir='ltr'><strong>permixta.</strong></span> <span class='ocrx_word' id='word_1_166' title='bbox 1165 2892 1269 2976; x_wconf 86' lang='lat' dir='ltr'><strong>Atque</strong></span> 
     </span>
     <span class='ocr_line' id='line_1_24' title="bbox 152 2992 1268 3081; baseline 0.002 -25"><span class='ocrx_word' id='word_1_167' title='bbox 152 2993 228 3059; x_wconf 90' lang='lat' dir='ltr'><strong>haec</strong></span> <span class='ocrx_word' id='word_1_168' title='bbox 259 2993 411 3080; x_wconf 88' lang='lat' dir='ltr'><strong>imprimis</strong></span> <span class='ocrx_word' id='word_1_169' title='bbox 444 2997 619 3081; x_wconf 82' lang='lat' dir='ltr'><strong>corruptela</strong></span> <span class='ocrx_word' id='word_1_170' title='bbox 652 2997 727 3080; x_wconf 92' lang='lat' dir='ltr'><strong>quin</strong></span> <span class='ocrx_word' id='word_1_171' title='bbox 749 3016 769 3063; x_wconf 88' lang='lat' dir='ltr'><strong>a</strong></span> <span class='ocrx_word' id='word_1_172' title='bbox 789 2995 909 3081; x_wconf 79' lang='lat' dir='ltr'><strong>plebeJ’o</strong></span> <span class='ocrx_word' id='word_1_173' title='bbox 938 3012 1025 3059; x_wconf 89' lang='lat' dir='ltr'><strong>more</strong></span> <span class='ocrx_word' id='word_1_174' title='bbox 1051 2992 1192 3078; x_wconf 86' lang='lat' dir='ltr'><strong>prolecta</strong></span> <span class='ocrx_word' id='word_1_175' title='bbox 1217 2992 1268 3073; x_wconf 88' lang='lat' dir='ltr'><strong>sit,</strong></span> 
     </span>
     <span class='ocr_line' id='line_1_25' title="bbox 149 3096 486 3180; baseline 0.009 -20"><span class='ocrx_word' id='word_1_176' title='bbox 149 3096 200 3161; x_wconf 87' lang='lat' dir='ltr'><strong>vir</strong></span> <span class='ocrx_word' id='word_1_177' title='bbox 221 3098 324 3180; x_wconf 89' lang='lat' dir='ltr'><strong>potest</strong></span> <span class='ocrx_word' id='word_1_178' title='bbox 344 3097 486 3165; x_wconf 87' lang='lat' dir='ltr'><strong>dubitari.</strong></span> 
     </span>
    </p>

    <p class='ocr_par' dir='ltr' id='par_1_8' title="bbox 148 3197 1266 3694">
     <span class='ocr_line' id='line_1_26' title="bbox 236 3197 403 3270; baseline 0.024 -4"><span class='ocrx_word' id='word_1_179' title='bbox 236 3197 403 3270; x_wconf 81' lang='lat' dir='ltr'><strong>Praesens</strong></span> 
     </span>
     <span class='ocr_line' id='line_1_27' title="bbox 150 3299 1266 3389; baseline 0.001 -24"><span class='ocrx_word' id='word_1_180' title='bbox 150 3318 206 3384; x_wconf 92' lang='lat' dir='ltr'><strong>pro</strong></span> <span class='ocrx_word' id='word_1_181' title='bbox 249 3299 353 3368; x_wconf 88' lang='lat' dir='ltr'><strong>iuturo</strong></span> <span class='ocrx_word' id='word_1_182' title='bbox 395 3305 576 3389; x_wconf 87' lang='lat' dir='ltr'><strong>usurpatum</strong></span> <span class='ocrx_word' id='word_1_183' title='bbox 611 3322 672 3369; x_wconf 87' lang='lat' dir='ltr'><strong>nou</strong></span> <span class='ocrx_word' id='word_1_184' title='bbox 713 3302 798 3370; x_wconf 88' lang='lat' dir='ltr'><strong>deest</strong></span> <span class='ocrx_word' id='word_1_185' title='bbox 840 3303 977 3388; x_wconf 84' lang='lat' dir='ltr'><strong>optimae</strong></span> <span class='ocrx_word' id='word_1_186' title='bbox 1011 3300 1178 3380; x_wconf 88' lang='lat' dir='ltr'><strong>latinitati,</strong></span> <span class='ocrx_word' id='word_1_187' title='bbox 1214 3301 1266 3368; x_wconf 88' lang='lat' dir='ltr'><strong>sed</strong></span> 
     </span>
     <span class='ocr_line' id='line_1_28' title="bbox 148 3398 1266 3489; baseline 0.001 -23"><span class='ocrx_word' id='word_1_188' title='bbox 148 3398 304 3468; x_wconf 88' lang='lat' dir='ltr'><strong>rarissime</strong></span> <span class='ocrx_word' id='word_1_189' title='bbox 324 3403 486 3477; x_wconf 87' lang='lat' dir='ltr'><strong>iuvenitur.</strong></span> <span class='ocrx_word' id='word_1_190' title='bbox 528 3406 653 3489; x_wconf 87' lang='lat' dir='ltr'><strong>Plebejo</strong></span> <span class='ocrx_word' id='word_1_191' title='bbox 676 3407 779 3473; x_wconf 90' lang='lat' dir='ltr'><strong>autem</strong></span> <span class='ocrx_word' id='word_1_192' title='bbox 800 3402 931 3472; x_wconf 85' lang='lat' dir='ltr'><strong>sermoni</strong></span> <span class='ocrx_word' id='word_1_193' title='bbox 959 3402 990 3469; x_wconf 92' lang='lat' dir='ltr'><strong>id</strong></span> <span class='ocrx_word' id='word_1_194' title='bbox 1018 3404 1144 3470; x_wconf 88' lang='lat' dir='ltr'><strong>solitum</strong></span> <span class='ocrx_word' id='word_1_195' title='bbox 1174 3403 1266 3469; x_wconf 85' lang='lat' dir='ltr'><strong>fuisso</strong></span> 
     </span>
     <span class='ocr_line' id='line_1_29' title="bbox 150 3501 1264 3592; baseline 0.004 -26"><span class='ocrx_word' id='word_1_196' title='bbox 150 3501 325 3588; x_wconf 84' lang='lat' dir='ltr'><strong>Draegerus</strong></span> <span class='ocrx_word' id='word_1_197' title='bbox 371 3508 415 3590; x_wconf 84' lang='lat' dir='ltr'><strong>(b.</strong></span> <span class='ocrx_word' id='word_1_198' title='bbox 453 3507 483 3573; x_wconf 90' lang='lat' dir='ltr'><strong>S.</strong></span> <span class='ocrx_word' id='word_1_199' title='bbox 519 3511 540 3589; x_wconf 67' lang='grc' dir='ltr'>ξ</span> <span class='ocrx_word' id='word_1_200' title='bbox 574 3507 649 3592; x_wconf 87' lang='grc'>139)</span> <span class='ocrx_word' id='word_1_201' title='bbox 703 3507 825 3591; x_wconf 83' lang='lat' dir='ltr'><strong>colligit</strong></span> <span class='ocrx_word' id='word_1_202' title='bbox 865 3527 901 3574; x_wconf 86' lang='lat' dir='ltr'><strong>er</strong></span> <span class='ocrx_word' id='word_1_203' title='bbox 936 3505 1042 3571; x_wconf 87' lang='lat' dir='ltr'><strong>multis</strong></span> <span class='ocrx_word' id='word_1_204' title='bbox 1078 3507 1264 3572; x_wconf 89' lang='lat' dir='ltr'><strong>comicorum</strong></span> 
     </span>
     <span class='ocr_line' id='line_1_30' title="bbox 148 3607 1069 3694; baseline 0.003 -24"><span class='ocrx_word' id='word_1_205' title='bbox 148 3607 303 3690; x_wconf 84' lang='lat' dir='ltr'><strong>exemplis.</strong></span> <span class='ocrx_word' id='word_1_206' title='bbox 346 3608 527 3676; x_wconf 90' lang='lat' dir='ltr'><strong>Molestiora</strong></span> <span class='ocrx_word' id='word_1_207' title='bbox 546 3609 704 3686; x_wconf 83' lang='lat' dir='ltr'><strong>¹Ammiani</strong></span> <span class='ocrx_word' id='word_1_208' title='bbox 726 3609 865 3694; x_wconf 84' lang='lat' dir='ltr'><strong>exempla</strong></span> <span class='ocrx_word' id='word_1_209' title='bbox 887 3609 959 3674; x_wconf 91' lang='lat' dir='ltr'><strong>suut</strong></span> <span class='ocrx_word' id='word_1_210' title='bbox 978 3609 1069 3675; x_wconf 90' lang='lat' dir='ltr'><strong>baec:</strong></span> 
     </span>
    </p>

    <p class='ocr_par' dir='ltr' id='par_1_9' title="bbox 147 3707 1265 4098">
     <span class='ocr_line' id='line_1_31' title="bbox 231 3707 1265 3796; baseline 0 -22"><span class='ocrx_word' id='word_1_211' title='bbox 231 3709 317 3789; x_wconf 89' lang='lat' dir='ltr'><strong>XVI,</strong></span> <span class='ocrx_word' id='word_1_212' title='bbox 341 3711 468 3790; x_wconf 79' lang='grc'>12,11;</span> <span class='ocrx_word' id='word_1_213' title='bbox 494 3710 567 3793; x_wconf 92' lang='lat' dir='ltr'><strong>quid</strong></span> <span class='ocrx_word' id='word_1_214' title='bbox 593 3731 647 3779; x_wconf 92' lang='lat' dir='ltr'><strong>uos</strong></span> <span class='ocrx_word' id='word_1_215' title='bbox 673 3711 814 3796; x_wconf 79' lang='lat' dir='ltr'><strong>agimus?</strong></span> <span class='ocrx_word' id='word_1_216' title='bbox 864 3711 951 3789; x_wconf 88' lang='lat' dir='ltr'><strong>XlX,</strong></span> <span class='ocrx_word' id='word_1_217' title='bbox 979 3711 1009 3794; x_wconf 87' lang='grc'><strong>9,</strong></span> <span class='ocrx_word' id='word_1_218' title='bbox 1030 3713 1066 3775; x_wconf 83' lang='lat'><strong>4:</strong></span> <span class='ocrx_word' id='word_1_219' title='bbox 1097 3707 1265 3776; x_wconf 87' lang='lat' dir='ltr'><strong>accidentia</strong></span> 
     </span>
     <span class='ocr_line' id='line_1_32' title="bbox 147 3811 1264 3897; baseline -0.002 -22"><span class='ocrx_word' id='word_1_220' title='bbox 147 3811 238 3896; x_wconf 84' lang='lat' dir='ltr'><strong>louge</strong></span> <span class='ocrx_word' id='word_1_221' title='bbox 259 3815 329 3879; x_wconf 90' lang='lat' dir='ltr'><strong>aute</strong></span> <span class='ocrx_word' id='word_1_222' title='bbox 350 3811 548 3896; x_wconf 80' lang='lat' dir='ltr'><strong>prospiciens.</strong></span> <span class='ocrx_word' id='word_1_223' title='bbox 592 3812 660 3896; x_wconf 90' lang='lat' dir='ltr'><strong>XX,</strong></span> <span class='ocrx_word' id='word_1_224' title='bbox 683 3815 713 3892; x_wconf 80' lang='lat'><strong>7,</strong></span> <span class='ocrx_word' id='word_1_225' title='bbox 735 3813 769 3879; x_wconf 88' lang='lat'><strong>8:</strong></span> <span class='ocrx_word' id='word_1_226' title='bbox 791 3812 873 3897; x_wconf 84' lang='lat' dir='ltr'><strong>regis</strong></span> <span class='ocrx_word' id='word_1_227' title='bbox 973 3832 1035 3879; x_wconf 90' lang='lat' dir='ltr'><strong>uon</strong></span> <span class='ocrx_word' id='word_1_228' title='bbox 1057 3814 1127 3878; x_wconf 82' lang='lat' dir='ltr'><strong>aute</strong></span> <span class='ocrx_word' id='word_1_229' title='bbox 1149 3811 1264 3875; x_wconf 87' lang='lat' dir='ltr'><strong>castro-</strong></span> 
     </span>
     <span class='ocr_line' id='line_1_33' title="bbox 147 3912 1263 3998; baseline -0.001 -22"><span class='ocrx_word' id='word_1_230' title='bbox 147 3930 215 3976; x_wconf 90' lang='lat' dir='ltr'><strong>rum</strong></span> <span class='ocrx_word' id='word_1_231' title='bbox 238 3913 387 3981; x_wconf 85' lang='lat' dir='ltr'><strong>excidium</strong></span> <span class='ocrx_word' id='word_1_232' title='bbox 409 3912 525 3997; x_wconf 82' lang='lat' dir='ltr'><strong>digredi</strong></span> <span class='ocrx_word' id='word_1_233' title='bbox 547 3915 744 3997; x_wconf 87' lang='lat' dir='ltr'><strong>pertinaciter</strong></span> <span class='ocrx_word' id='word_1_234' title='bbox 764 3913 940 3998; x_wconf 85' lang='lat' dir='ltr'><strong>adjurantis.</strong></span> <span class='ocrx_word' id='word_1_235' title='bbox 988 3913 1134 3995; x_wconf 83' lang='lat' dir='ltr'><strong>XXVIII,</strong></span> <span class='ocrx_word' id='word_1_236' title='bbox 1155 3914 1186 3992; x_wconf 86' lang='grc'><strong>6,</strong></span> <span class='ocrx_word' id='word_1_237' title='bbox 1211 3912 1263 3976; x_wconf 84' lang='lat'><strong>19:</strong></span> 
     </span>
     <span class='ocr_line' id='line_1_34' title="bbox 148 4014 714 4098; baseline 0.009 -20"><span class='ocrx_word' id='word_1_238' title='bbox 148 4033 182 4078; x_wconf 89' lang='lat' dir='ltr'><strong>se</strong></span> <span class='ocrx_word' id='word_1_239' title='bbox 204 4033 322 4098; x_wconf 90' lang='lat' dir='ltr'><strong>quoque</strong></span> <span class='ocrx_word' id='word_1_240' title='bbox 345 4034 416 4082; x_wconf 87' lang='lat' dir='ltr'><strong>mor</strong></span> <span class='ocrx_word' id='word_1_241' title='bbox 436 4014 550 4081; x_wconf 86' lang='lat' dir='ltr'><strong>reterre</strong></span> <span class='ocrx_word' id='word_1_242' title='bbox 572 4016 714 4083; x_wconf 89' lang='lat' dir='ltr'><strong>firmavit.</strong></span> 
     </span>
    </p>

    <p class='ocr_par' dir='ltr' id='par_1_10' title="bbox 232 4113 1264 4203">
     <span class='ocr_line' id='line_1_35' title="bbox 232 4113 1264 4203; baseline 0 -23"><span class='ocrx_word' id='word_1_243' title='bbox 232 4115 378 4184; x_wconf 88' lang='lat' dir='ltr'><strong>Praesens</strong></span> <span class='ocrx_word' id='word_1_244' title='bbox 399 4115 511 4200; x_wconf 88' lang='lat' dir='ltr'><strong>„oriri“</strong></span> <span class='ocrx_word' id='word_1_245' title='bbox 532 4117 564 4182; x_wconf 94' lang='lat' dir='ltr'><strong>id</strong></span> <span class='ocrx_word' id='word_1_246' title='bbox 585 4116 746 4202; x_wconf 84' lang='lat' dir='ltr'><strong>siguificat,</strong></span> <span class='ocrx_word' id='word_1_247' title='bbox 768 4118 849 4202; x_wconf 88' lang='lat' dir='ltr'><strong>quod</strong></span> <span class='ocrx_word' id='word_1_248' title='bbox 870 4120 991 4203; x_wconf 84' lang='lat' dir='ltr'><strong>„ortum</strong></span> <span class='ocrx_word' id='word_1_249' title='bbox 1005 4118 1105 4184; x_wconf 70' lang='lat' dir='ltr'><strong>esse‘.</strong></span> <span class='ocrx_word' id='word_1_250' title='bbox 1147 4113 1264 4192; x_wconf 90' lang='lat' dir='ltr'><strong>XXXI,</strong></span> 
     </span>
    </p>
   </div>
   <div class='ocr_carea' id='block_1_6' title="bbox 147 4215 1263 4397">
    <p class='ocr_par' dir='ltr' id='par_1_11' title="bbox 147 4215 1263 4397">
     <span class='ocr_line' id='line_1_36' title="bbox 147 4215 1263 4306; baseline -0.002 -23"><span class='ocrx_word' id='word_1_251' title='bbox 147 4219 257 4296; x_wconf 83' lang='grc' dir='ltr'>2,]οι</span> <span class='ocrx_word' id='word_1_252' title='bbox 292 4220 392 4286; x_wconf 90' lang='lat' dir='ltr'><strong>nullus</strong></span> <span class='ocrx_word' id='word_1_253' title='bbox 414 4218 494 4305; x_wconf 86' lang='lat' dir='ltr'><strong>apud</strong></span> <span class='ocrx_word' id='word_1_254' title='bbox 527 4239 578 4286; x_wconf 89' lang='lat' dir='ltr'><strong>eos</strong></span> <span class='ocrx_word' id='word_1_255' title='bbox 611 4219 817 4305; x_wconf 84' lang='lat' dir='ltr'><strong>iuterrogatus</strong></span> <span class='ocrx_word' id='word_1_256' title='bbox 849 4220 1038 4306; x_wconf 87' lang='lat' dir='ltr'><strong>respondere,</strong></span> <span class='ocrx_word' id='word_1_257' title='bbox 1075 4218 1128 4284; x_wconf 92' lang='lat' dir='ltr'><strong>ubi</strong></span> <span class='ocrx_word' id='word_1_258' title='bbox 1157 4215 1263 4296; x_wconf 89' lang='lat' dir='ltr'><strong>oritur,</strong></span> 
     </span>
     <span class='ocr_line' id='line_1_37' title="bbox 595 4331 1066 4397; baseline 0 0"><span class='ocrx_word' id='word_1_259' title='bbox 595 4331 601 4342; x_wconf 21' lang='grc' dir='ltr'><strong>Χ</strong></span> <span class='ocrx_word' id='word_1_260' title='bbox 1048 4342 1066 4397; x_wconf 77' lang='lat'>4</span> 
     </span>
    </p>
   </div>
   <div class='ocr_carea' id='block_1_7' title="bbox 0 0 1602 5056">
    <p class='ocr_par' dir='ltr' id='par_1_12' title="bbox 0 0 1602 5056">
     <span class='ocr_line' id='line_1_38' title="bbox 0 0 1602 5056; baseline 0 4"><span class='ocrx_word' id='word_1_261' title='bbox 0 0 1602 5056; x_wconf 95' lang='lat' dir='ltr'><strong> </strong></span> 
     </span>
    </p>
   </div>
  </div>
 </body>
</html>
