3194 5056
643 1059 807 1171 Index.

1194 1290 1198 1298 .
1229 1252 1284 1304 Peg.

168 1319 314 1377 Praefatio
324 1361 773 1379 ...........
808 1329 818 1378 ε
855 1361 1213 1381 .........
1270 1323 1284 1376 1

170 1411 209 1466 oe
228 1409 336 1478 aynan
355 1410 506 1466 Annianus
544 1450 1215 1468 ................
1269 1410 1286 1464 4

281 1498 303 1552 1.
328 1499 370 1552 De
395 1501 503 1554 casibus
541 1538 948 1556 ..........
978 1529 980 1532 -
986 1539 1213 1554 ......
1267 1499 1285 1553 5

327 1585 472 1642 Ablativue
484 1588 509 1645 5.
540 1585 684 1656 genetivus
697 1585 722 1638 6.
753 1589 872 1640 accusat.
885 1585 910 1639 9.
936 1585 1043 1640 dativus
1059 1586 1100 1641 12.

275 1674 301 1728 2.
326 1676 367 1730 De
381 1676 562 1730 substantivis
587 1714 1212 1732 ...............
1251 1679 1285 1736 12

275 1763 301 1816 3.
326 1764 366 1817 De
379 1763 523 1833 adjectivis
543 1803 1214 1823 ................
1250 1766 1285 1820 23

328 1851 473 1923 Adjectiva
504 1857 532 1906 et
556 1851 703 1921 participia
727 1853 898 1908 substantive
931 1856 1020 1926 positu
1054 1873 1081 1925 p.
1106 1853 1213 1909 24-28

329 1941 501 2011 Adjectivum
526 1938 736 2010 praedicativum
761 1957 787 2009 p.
800 1940 842 2000 28.

330 2032 370 2084 De
394 2029 609 2098 comparationis
628 2027 762 2097 graduum
788 2048 839 2084 usu
864 2048 890 2100 p.
910 2031 1025 2086 28-30.

275 2119 301 2174 4.
326 2121 366 2174 Dc
377 2117 581 2189 p'roucminibus
632 2157 1213 2179 ..............
1249 2127 1285 2182 30

277 2208 302 2262 5.
326 2209 367 2262 De
379 2206 625 2277 praepositionibus
675 2247 1211 2269 .............
1248 2215 1284 2270 32

330 2297 391 2350 Per.
428 2295 526 2364 Prope.
561 2294 609 2348 Ex.
646 2293 739 2364 Super.
777 2297 860 2367 Erga.

276 2387 301 2439 6.
324 2387 366 2439 De
378 2383 612 2452 conjunctionibus
632 2424 1211 2447 ..............
1247 2389 1283 2444 35

278 2475 301 2528 7.
325 2475 366 2528 De
387 2473 528 2527 verborum
553 2474 659 2540 syntaxi
719 2517 1211 2532 ............
1247 2478 1282 2533 37

382 2579 405 2615 a.
419 2562 460 2614 De
473 2560 610 2614 modorum
624 2578 675 2616 usu
719 2605 1212 2624 ............
1248 2567 1283 2622 37

488 2648 656 2704 indicativus
687 2652 801 2708 37-42.
837 2655 879 2709 De
909 2656 1062 2710 enimtiatis
1094 2656 1210 2711 condici-

488 2739 613 2792 onalibus
626 2739 660 2792 39
669 2739 740 2795 -41,
777 2741 972 2812 conjunctivus
984 2742 1098 2798 42-46.

384 2825 408 2879 b.
422 2826 463 2879 De
476 2827 618 2898 participio
673 2870 1211 2888 .............
1247 2833 1282 2888 46

383 2932 405 2970 c.
419 2917 460 2972 De
473 2917 604 2985 gerundic
630 2958 1210 2979 ..............
1247 2922 1281 2977 47

383 3006 407 3059 d.
420 3007 461 3060 De
473 3006 606 3060 infinitivo
629 3047 1211 3066 ..............
1247 3010 1283 3070 48

383 3111 406 3147 e.
419 3095 461 3148 De
474 3098 624 3165 temporum
637 3114 688 3150 usu
719 3139 1210 3158 ............
1247 3099 1282 3152 49

487 3183 528 3237 De
537 3186 728 3240 consecutione
741 3190 890 3257 temporum
903 3186 1016 3243 52-54.
1046 3231 1049 3236 ,

275 3271 300 3326 8.
326 3270 514 3341 Proprietates
530 3275 701 3342 syntecticus
714 3280 742 3329 et
761 3316 1211 3334 ...........
1247 3277 1283 3330 54

329 3357 477 3414 Graecismi
490 3362 605 3416 collecta
616 3365 779 3431 repetuntur
805 3405 1211 3419 ..........
1247 3364 1283 3419 55
