<?xml version="1.0" encoding="UTF-8"?>
<!DOCTYPE html PUBLIC "-//W3C//DTD XHTML 1.0 Transitional//EN"
    "http://www.w3.org/TR/xhtml1/DTD/xhtml1-transitional.dtd">
<html xmlns="http://www.w3.org/1999/xhtml" xml:lang="en" lang="en">
 <head>
  <title>
</title>
<meta http-equiv="Content-Type" content="text/html;charset=utf-8" />
  <meta name='ocr-system' content='tesseract 3.04.00' />
  <meta name='ocr-capabilities' content='ocr_page ocr_carea ocr_par ocr_line ocrx_word'/>
</head>
<body>
  <div class='ocr_page' id='page_1' title='image "./desyntaxiammian00hassgoog_0049.png"; bbox 0 0 3194 5056; ppageno 0'>
   <div class='ocr_carea' id='block_1_1' title="bbox 809 354 883 422">
    <p class='ocr_par' dir='ltr' id='par_1_1' title="bbox 809 354 883 422">
     <span class='ocr_line' id='line_1_1' title="bbox 809 354 883 422; baseline 0 0"><span class='ocrx_word' id='word_1_1' title='bbox 809 397 812 406; x_wconf 86' lang='lat'>·</span> <span class='ocrx_word' id='word_1_2' title='bbox 841 354 883 422; x_wconf 89' lang='lat'><strong>40</strong></span> 
     </span>
    </p>
   </div>
   <div class='ocr_carea' id='block_1_2' title="bbox 307 543 1428 1041">
    <p class='ocr_par' dir='ltr' id='par_1_2' title="bbox 307 543 1428 930">
     <span class='ocr_line' id='line_1_2' title="bbox 307 543 1425 628; baseline -0.002 -16"><span class='ocrx_word' id='word_1_3' title='bbox 307 546 411 626; x_wconf 84' lang='lat' dir='ltr'>XXII,</span> <span class='ocrx_word' id='word_1_4' title='bbox 436 547 484 625; x_wconf 89' lang='lat'><strong>10,</strong></span> <span class='ocrx_word' id='word_1_5' title='bbox 506 546 541 611; x_wconf 89' lang='lat'><strong>6:</strong></span> <span class='ocrx_word' id='word_1_6' title='bbox 563 548 596 611; x_wconf 92' lang='lat' dir='ltr'><strong>at</strong></span> <span class='ocrx_word' id='word_1_7' title='bbox 616 543 844 612; x_wconf 76' lang='lat' dir='ltr'><strong>aestimabatur</strong></span> <span class='ocrx_word' id='word_1_8' title='bbox 865 563 921 628; x_wconf 91' lang='lat' dir='ltr'><strong>per</strong></span> <span class='ocrx_word' id='word_1_9' title='bbox 941 543 1019 611; x_wconf 90' lang='lat' dir='ltr'><strong>haee</strong></span> <span class='ocrx_word' id='word_1_10' title='bbox 1051 548 1082 610; x_wconf 91' lang='lat' dir='ltr'><strong>et</strong></span> <span class='ocrx_word' id='word_1_11' title='bbox 1104 543 1221 612; x_wconf 83' lang='lat' dir='ltr'><strong>similia</strong></span> <span class='ocrx_word' id='word_1_12' title='bbox 1244 594 1250 610; x_wconf 91' lang='lat'><strong>.</strong></span> <span class='ocrx_word' id='word_1_13' title='bbox 1275 595 1283 611; x_wconf 92' lang='lat'><strong>.</strong></span> <span class='ocrx_word' id='word_1_14' title='bbox 1304 594 1312 610; x_wconf 89' lang='lat'><strong>.</strong></span> <span class='ocrx_word' id='word_1_15' title='bbox 1335 549 1425 612; x_wconf 90' lang='lat' dir='ltr'><strong>vetus</strong></span> 
     </span>
     <span class='ocr_line' id='line_1_3' title="bbox 308 645 1425 734; baseline 0 -21"><span class='ocrx_word' id='word_1_16' title='bbox 308 649 365 716; x_wconf 87' lang='lat' dir='ltr'><strong>illa</strong></span> <span class='ocrx_word' id='word_1_17' title='bbox 389 648 522 716; x_wconf 81' lang='lat' dir='ltr'><strong>Iustitia</strong></span> <span class='ocrx_word' id='word_1_18' title='bbox 550 697 557 712; x_wconf 94' lang='lat'><strong>.</strong></span> <span class='ocrx_word' id='word_1_19' title='bbox 581 697 589 712; x_wconf 92' lang='lat'><strong>.</strong></span> <span class='ocrx_word' id='word_1_20' title='bbox 613 695 621 712; x_wconf 90' lang='lat'><strong>.</strong></span> <span class='ocrx_word' id='word_1_21' title='bbox 642 647 817 729; x_wconf 74' lang='lat' dir='ltr'><strong>imperante</strong></span> <span class='ocrx_word' id='word_1_22' title='bbox 848 666 883 712; x_wconf 90' lang='lat' dir='ltr'><strong>eo</strong></span> <span class='ocrx_word' id='word_1_23' title='bbox 914 645 1071 734; x_wconf 83' lang='lat' dir='ltr'><strong>(Iuliano)</strong></span> <span class='ocrx_word' id='word_1_24' title='bbox 1100 665 1224 713; x_wconf 90' lang='lat' dir='ltr'><strong>reversa</strong></span> <span class='ocrx_word' id='word_1_25' title='bbox 1252 648 1293 713; x_wconf 90' lang='lat' dir='ltr'><strong>ad</strong></span> <span class='ocrx_word' id='word_1_26' title='bbox 1315 652 1425 729; x_wconf 88' lang='lat' dir='ltr'><strong>terras,</strong></span> 
     </span>
     <span class='ocr_line' id='line_1_4' title="bbox 308 748 1428 834; baseline -0.002 -18"><span class='ocrx_word' id='word_1_27' title='bbox 308 753 341 818; x_wconf 89' lang='lat' dir='ltr'><strong>ni</strong></span> <span class='ocrx_word' id='word_1_28' title='bbox 362 751 514 833; x_wconf 87' lang='lat' dir='ltr'><strong>quaedam</strong></span> <span class='ocrx_word' id='word_1_29' title='bbox 536 766 593 814; x_wconf 92' lang='lat' dir='ltr'><strong>suo</strong></span> <span class='ocrx_word' id='word_1_30' title='bbox 615 751 729 831; x_wconf 84' lang='lat' dir='ltr'><strong>ageret,</strong></span> <span class='ocrx_word' id='word_1_31' title='bbox 752 768 816 815; x_wconf 94' lang='lat' dir='ltr'><strong>non</strong></span> <span class='ocrx_word' id='word_1_32' title='bbox 837 751 943 834; x_wconf 82' lang='lat' dir='ltr'><strong>legum</strong></span> <span class='ocrx_word' id='word_1_33' title='bbox 965 748 1105 826; x_wconf 83' lang='lat' dir='ltr'><strong>arbitri03</strong></span> <span class='ocrx_word' id='word_1_34' title='bbox 1128 749 1149 814; x_wconf 90' lang='lat' dir='ltr'><strong>i.</strong></span> <span class='ocrx_word' id='word_1_35' title='bbox 1162 749 1428 828; x_wconf 59' lang='lat' dir='ltr'><strong>squamosum</strong></span> 
     </span>
     <span class='ocr_line' id='line_1_5' title="bbox 309 848 1042 930; baseline 0 -11"><span class='ocrx_word' id='word_1_36' title='bbox 309 856 341 919; x_wconf 92' lang='lat' dir='ltr'><strong>et</strong></span> <span class='ocrx_word' id='word_1_37' title='bbox 362 851 477 918; x_wconf 88' lang='lat' dir='ltr'><strong>rectius</strong></span> <span class='ocrx_word' id='word_1_38' title='bbox 499 848 594 917; x_wconf 89' lang='lat' dir='ltr'><strong>etiam</strong></span> <span class='ocrx_word' id='word_1_39' title='bbox 616 849 781 918; x_wconf 89' lang='lat' dir='ltr'><strong>aestimata</strong></span> <span class='ocrx_word' id='word_1_40' title='bbox 802 855 893 930; x_wconf 90' lang='lat' dir='ltr'><strong>esset,</strong></span> <span class='ocrx_word' id='word_1_41' title='bbox 916 851 950 916; x_wconf 94' lang='lat' dir='ltr'><strong>ni</strong></span> <span class='ocrx_word' id='word_1_42' title='bbox 972 899 979 916; x_wconf 86' lang='lat'><strong>.</strong></span> <span class='ocrx_word' id='word_1_43' title='bbox 1004 903 1012 920; x_wconf 91' lang='lat'><strong>.</strong></span> <span class='ocrx_word' id='word_1_44' title='bbox 1036 904 1042 919; x_wconf 91' lang='lat'><strong>.</strong></span> 
     </span>
    </p>

    <p class='ocr_par' dir='ltr' id='par_1_3' title="bbox 393 952 1427 1041">
     <span class='ocr_line' id='line_1_6' title="bbox 393 952 1427 1041; baseline 0 -21"><span class='ocrx_word' id='word_1_45' title='bbox 393 952 510 1020; x_wconf 77' lang='lat' dir='ltr'>Contra</span> <span class='ocrx_word' id='word_1_46' title='bbox 531 953 669 1032; x_wconf 80' lang='lat' dir='ltr'><strong>Tacitae,</strong></span> <span class='ocrx_word' id='word_1_47' title='bbox 691 971 784 1035; x_wconf 89' lang='lat' dir='ltr'><strong>quem</strong></span> <span class='ocrx_word' id='word_1_48' title='bbox 806 955 898 1020; x_wconf 89' lang='lat' dir='ltr'><strong>modo</strong></span> <span class='ocrx_word' id='word_1_49' title='bbox 918 955 1079 1041; x_wconf 74' lang='lat' dir='ltr'><strong>descripsi,</strong></span> <span class='ocrx_word' id='word_1_50' title='bbox 1113 957 1192 1023; x_wconf 89' lang='lat' dir='ltr'><strong>mori</strong></span> <span class='ocrx_word' id='word_1_51' title='bbox 1214 974 1276 1022; x_wconf 91' lang='lat' dir='ltr'><strong>uon</strong></span> <span class='ocrx_word' id='word_1_52' title='bbox 1298 974 1427 1039; x_wconf 87' lang='lat' dir='ltr'><strong>prorsus</strong></span> 
     </span>
    </p>
   </div>
   <div class='ocr_carea' id='block_1_3' title="bbox 309 1053 1545 1142">
    <p class='ocr_par' dir='ltr' id='par_1_4' title="bbox 309 1053 1545 1142">
     <span class='ocr_line' id='line_1_7' title="bbox 309 1053 1545 1142; baseline -0.001 -19"><span class='ocrx_word' id='word_1_53' title='bbox 309 1058 485 1141; x_wconf 88' lang='lat' dir='ltr'><strong>congruunt</strong></span> <span class='ocrx_word' id='word_1_54' title='bbox 504 1054 537 1119; x_wconf 89' lang='lat' dir='ltr'><strong>hi</strong></span> <span class='ocrx_word' id='word_1_55' title='bbox 557 1053 634 1120; x_wconf 90' lang='lat' dir='ltr'><strong>loci:</strong></span> <span class='ocrx_word' id='word_1_56' title='bbox 665 1053 734 1134; x_wconf 84' lang='lat' dir='ltr'><strong>XV,</strong></span> <span class='ocrx_word' id='word_1_57' title='bbox 757 1055 787 1134; x_wconf 85' lang='lat'><strong>4,</strong></span> <span class='ocrx_word' id='word_1_58' title='bbox 809 1055 849 1121; x_wconf 82' lang='lat'><strong>5:</strong></span> <span class='ocrx_word' id='word_1_59' title='bbox 882 1058 964 1140; x_wconf 89' lang='lat' dir='ltr'><strong>quod</strong></span> <span class='ocrx_word' id='word_1_60' title='bbox 996 1059 1029 1124; x_wconf 95' lang='lat' dir='ltr'><strong>ni</strong></span> <span class='ocrx_word' id='word_1_61' title='bbox 1060 1059 1105 1126; x_wconf 87' lang='lat' dir='ltr'><strong>ita</strong></span> <span class='ocrx_word' id='word_1_62' title='bbox 1136 1060 1189 1142; x_wconf 85' lang='lat' dir='ltr'><strong>egi</strong></span> <span class='ocrx_word' id='word_1_63' title='bbox 1215 1057 1282 1141; x_wconf 92' lang='lat' dir='ltr'><strong>ipse</strong></span> <span class='ocrx_word' id='word_1_64' title='bbox 1305 1057 1430 1123; x_wconf 90' lang='lat' dir='ltr'><strong>doceret</strong></span> <span class='ocrx_word' id='word_1_65' title='bbox 1544 1095 1545 1100; x_wconf 20' lang='grc' dir='ltr'><strong>κ</strong></span> 
     </span>
    </p>
   </div>
   <div class='ocr_carea' id='block_1_4' title="bbox 251 1156 1434 4215">
    <p class='ocr_par' dir='ltr' id='par_1_5' title="bbox 310 1156 1430 1439">
     <span class='ocr_line' id='line_1_8' title="bbox 310 1156 1428 1244; baseline 0 -19"><span class='ocrx_word' id='word_1_66' title='bbox 310 1161 476 1244; x_wconf 89' lang='lat' dir='ltr'><strong>aspectus,</strong></span> <span class='ocrx_word' id='word_1_67' title='bbox 506 1157 598 1223; x_wconf 90' lang='lat' dir='ltr'><strong>nulla</strong></span> <span class='ocrx_word' id='word_1_68' title='bbox 626 1156 657 1222; x_wconf 90' lang='lat' dir='ltr'><strong>vi</strong></span> <span class='ocrx_word' id='word_1_69' title='bbox 679 1157 860 1224; x_wconf 89' lang='lat' dir='ltr'><strong>credebatur</strong></span> <span class='ocrx_word' id='word_1_70' title='bbox 887 1177 978 1241; x_wconf 90' lang='lat' dir='ltr'><strong>posse</strong></span> <span class='ocrx_word' id='word_1_71' title='bbox 1001 1161 1147 1226; x_wconf 78' lang='lat' dir='ltr'><strong>discerni.</strong></span> <span class='ocrx_word' id='word_1_72' title='bbox 1189 1159 1287 1238; x_wconf 93' lang='lat' dir='ltr'><strong>XXX,</strong></span> <span class='ocrx_word' id='word_1_73' title='bbox 1319 1158 1428 1237; x_wconf 85' lang='lat' dir='ltr'><strong>5,1o:</strong></span> 
     </span>
     <span class='ocr_line' id='line_1_9' title="bbox 311 1259 1430 1347; baseline 0.002 -21"><span class='ocrx_word' id='word_1_74' title='bbox 311 1279 402 1345; x_wconf 86' lang='lat' dir='ltr'><strong>quam</strong></span> <span class='ocrx_word' id='word_1_75' title='bbox 427 1259 685 1344; x_wconf 78' lang='lat' dir='ltr'><strong>(praefecturam)</strong></span> <span class='ocrx_word' id='word_1_76' title='bbox 709 1261 735 1326; x_wconf 88' lang='lat' dir='ltr'><strong>si</strong></span> <span class='ocrx_word' id='word_1_77' title='bbox 753 1261 886 1344; x_wconf 89' lang='lat' dir='ltr'><strong>adeptus</strong></span> <span class='ocrx_word' id='word_1_78' title='bbox 897 1261 1028 1328; x_wconf 84' lang='lat' dir='ltr'><strong>rexisset</strong></span> <span class='ocrx_word' id='word_1_79' title='bbox 1049 1261 1150 1347; x_wconf 88' lang='lat' dir='ltr'><strong>(Leo),</strong></span> <span class='ocrx_word' id='word_1_80' title='bbox 1172 1281 1247 1346; x_wconf 90' lang='lat' dir='ltr'><strong>prae</strong></span> <span class='ocrx_word' id='word_1_81' title='bbox 1269 1261 1327 1341; x_wconf 91' lang='lat' dir='ltr'><strong>bis,</strong></span> <span class='ocrx_word' id='word_1_82' title='bbox 1350 1281 1430 1345; x_wconf 90' lang='lat' dir='ltr'><strong>quae</strong></span> 
     </span>
     <span class='ocr_line' id='line_1_10' title="bbox 311 1361 1294 1439; baseline -0.004 -10"><span class='ocrx_word' id='word_1_83' title='bbox 311 1366 379 1429; x_wconf 91' lang='lat' dir='ltr'><strong>erat</strong></span> <span class='ocrx_word' id='word_1_84' title='bbox 401 1380 543 1439; x_wconf 89' lang='lat' dir='ltr'><strong>ausurus,</strong></span> <span class='ocrx_word' id='word_1_85' title='bbox 566 1361 798 1428; x_wconf 87' lang='lat' dir='ltr'><strong>administratio</strong></span> <span class='ocrx_word' id='word_1_86' title='bbox 819 1363 913 1431; x_wconf 91' lang='lat' dir='ltr'><strong>Probi</strong></span> <span class='ocrx_word' id='word_1_87' title='bbox 935 1363 1091 1430; x_wconf 84' lang='lat' dir='ltr'><strong>ferebatur</strong></span> <span class='ocrx_word' id='word_1_88' title='bbox 1110 1362 1142 1428; x_wconf 92' lang='lat' dir='ltr'><strong>in</strong></span> <span class='ocrx_word' id='word_1_89' title='bbox 1164 1364 1294 1429; x_wconf 89' lang='lat' dir='ltr'><strong>caelum.</strong></span> 
     </span>
    </p>

    <p class='ocr_par' dir='ltr' id='par_1_6' title="bbox 314 1463 1431 1648">
     <span class='ocr_line' id='line_1_11' title="bbox 396 1463 1431 1554; baseline 0 -24"><span class='ocrx_word' id='word_1_90' title='bbox 396 1463 483 1544; x_wconf 81' lang='lat' dir='ltr'><strong>Quae</strong></span> <span class='ocrx_word' id='word_1_91' title='bbox 519 1463 555 1527; x_wconf 93' lang='lat' dir='ltr'><strong>de</strong></span> <span class='ocrx_word' id='word_1_92' title='bbox 578 1463 705 1530; x_wconf 79' lang='lat' dir='ltr'><strong>Tacitae</strong></span> <span class='ocrx_word' id='word_1_93' title='bbox 737 1466 932 1550; x_wconf 86' lang='lat' dir='ltr'><strong>singulorum</strong></span> <span class='ocrx_word' id='word_1_94' title='bbox 964 1466 1196 1554; x_wconf 89' lang='lat' dir='ltr'><strong>enuntiatorum</strong></span> <span class='ocrx_word' id='word_1_95' title='bbox 1229 1465 1431 1534; x_wconf 79' lang='lat' dir='ltr'><strong>collocatione</strong></span> 
     </span>
     <span class='ocr_line' id='line_1_12' title="bbox 314 1565 1310 1648; baseline 0.002 -16"><span class='ocrx_word' id='word_1_96' title='bbox 314 1565 458 1643; x_wconf 85' lang='lat' dir='ltr'><strong>diximus,</strong></span> <span class='ocrx_word' id='word_1_97' title='bbox 482 1583 544 1630; x_wconf 88' lang='lat' dir='ltr'><strong>non</strong></span> <span class='ocrx_word' id='word_1_98' title='bbox 567 1565 721 1648; x_wconf 89' lang='lat' dir='ltr'><strong>pertinere</strong></span> <span class='ocrx_word' id='word_1_99' title='bbox 744 1568 883 1634; x_wconf 85' lang='lat' dir='ltr'><strong>videmus</strong></span> <span class='ocrx_word' id='word_1_100' title='bbox 905 1569 945 1634; x_wconf 91' lang='lat' dir='ltr'><strong>ad</strong></span> <span class='ocrx_word' id='word_1_101' title='bbox 966 1589 1060 1634; x_wconf 90' lang='lat' dir='ltr'><strong>usum</strong></span> <span class='ocrx_word' id='word_1_102' title='bbox 1081 1568 1310 1634; x_wconf 84' lang='lat' dir='ltr'><strong>Ammianeum.</strong></span> 
     </span>
    </p>

    <p class='ocr_par' dir='ltr' id='par_1_7' title="bbox 312 1666 1432 2266">
     <span class='ocr_line' id='line_1_13' title="bbox 394 1666 1430 1755; baseline 0.007 -23"><span class='ocrx_word' id='word_1_103' title='bbox 394 1666 967 1755; x_wconf 87' lang='lat' dir='ltr'><strong>Plusquamperfeetiinapodosi</strong></span> <span class='ocrx_word' id='word_1_104' title='bbox 984 1670 1079 1755; x_wconf 90' lang='lat' dir='ltr'><strong>positi</strong></span> <span class='ocrx_word' id='word_1_105' title='bbox 1097 1671 1236 1754; x_wconf 83' lang='lat' dir='ltr'><strong>ulsapud</strong></span> <span class='ocrx_word' id='word_1_106' title='bbox 1249 1673 1430 1739; x_wconf 85' lang='lat' dir='ltr'><strong>Tacitum</strong></span> 
     </span>
     <span class='ocr_line' id='line_1_14' title="bbox 312 1767 1431 1856; baseline 0.005 -22"><span class='ocrx_word' id='word_1_107' title='bbox 312 1789 376 1836; x_wconf 92' lang='lat' dir='ltr'><strong>non</strong></span> <span class='ocrx_word' id='word_1_108' title='bbox 398 1769 496 1835; x_wconf 91' lang='lat' dir='ltr'><strong>multo</strong></span> <span class='ocrx_word' id='word_1_109' title='bbox 517 1767 673 1853; x_wconf 89' lang='lat' dir='ltr'><strong>discrepat</strong></span> <span class='ocrx_word' id='word_1_110' title='bbox 695 1772 734 1837; x_wconf 89' lang='lat' dir='ltr'><strong>ab</strong></span> <span class='ocrx_word' id='word_1_111' title='bbox 757 1772 947 1856; x_wconf 87' lang='lat' dir='ltr'><strong>imperfecto.</strong></span> <span class='ocrx_word' id='word_1_112' title='bbox 991 1774 1074 1840; x_wconf 89' lang='lat' dir='ltr'><strong>Nam</strong></span> <span class='ocrx_word' id='word_1_113' title='bbox 1100 1793 1137 1840; x_wconf 89' lang='lat' dir='ltr'><strong>ea</strong></span> <span class='ocrx_word' id='word_1_114' title='bbox 1157 1773 1249 1841; x_wconf 93' lang='lat' dir='ltr'><strong>modo</strong></span> <span class='ocrx_word' id='word_1_115' title='bbox 1272 1776 1364 1842; x_wconf 87' lang='lat' dir='ltr'><strong>verba</strong></span> <span class='ocrx_word' id='word_1_116' title='bbox 1396 1775 1431 1840; x_wconf 89' lang='lat' dir='ltr'><strong>in</strong></span> 
     </span>
     <span class='ocr_line' id='line_1_15' title="bbox 312 1870 1432 1960; baseline 0.004 -23"><span class='ocrx_word' id='word_1_117' title='bbox 312 1870 618 1956; x_wconf 88' lang='lat' dir='ltr'><strong>plusquamperfecto</strong></span> <span class='ocrx_word' id='word_1_118' title='bbox 629 1875 734 1956; x_wconf 88' lang='lat' dir='ltr'><strong>posita</strong></span> <span class='ocrx_word' id='word_1_119' title='bbox 744 1875 960 1954; x_wconf 88' lang='lat' dir='ltr'><strong>inveniuntur,</strong></span> <span class='ocrx_word' id='word_1_120' title='bbox 980 1895 1059 1959; x_wconf 88' lang='lat' dir='ltr'><strong>quae</strong></span> <span class='ocrx_word' id='word_1_121' title='bbox 1076 1877 1295 1960; x_wconf 87' lang='lat' dir='ltr'><strong>incipiendi</strong></span> <span class='ocrx_word' id='word_1_122' title='bbox 1316 1877 1432 1944; x_wconf 89' lang='lat' dir='ltr'><strong>babent</strong></span> 
     </span>
     <span class='ocr_line' id='line_1_16' title="bbox 313 1973 1430 2062; baseline 0.004 -22"><span class='ocrx_word' id='word_1_123' title='bbox 313 1993 449 2040; x_wconf 89' lang='lat' dir='ltr'><strong>sensum.</strong></span> <span class='ocrx_word' id='word_1_124' title='bbox 482 1973 586 2057; x_wconf 80' lang='lat' dir='ltr'><strong>Atque</strong></span> <span class='ocrx_word' id='word_1_125' title='bbox 600 1976 686 2055; x_wconf 87' lang='lat' dir='ltr'><strong>haec,</strong></span> <span class='ocrx_word' id='word_1_126' title='bbox 710 1976 803 2059; x_wconf 90' lang='lat' dir='ltr'><strong>siqui</strong></span> <span class='ocrx_word' id='word_1_127' title='bbox 819 1979 1182 2045; x_wconf 83' lang='lat' dir='ltr'><strong>statusdeseribendus</strong></span> <span class='ocrx_word' id='word_1_128' title='bbox 1205 1983 1261 2058; x_wconf 89' lang='lat' dir='ltr'><strong>est,</strong></span> <span class='ocrx_word' id='word_1_129' title='bbox 1285 1979 1316 2043; x_wconf 92' lang='lat' dir='ltr'><strong>in</strong></span> <span class='ocrx_word' id='word_1_130' title='bbox 1339 1979 1430 2062; x_wconf 90' lang='lat' dir='ltr'><strong>plus-</strong></span> 
     </span>
     <span class='ocr_line' id='line_1_17' title="bbox 313 2073 1431 2166; baseline 0.004 -23"><span class='ocrx_word' id='word_1_131' title='bbox 313 2074 562 2160; x_wconf 86' lang='lat' dir='ltr'><strong>quamperfecto,</strong></span> <span class='ocrx_word' id='word_1_132' title='bbox 600 2095 661 2141; x_wconf 93' lang='lat' dir='ltr'><strong>non</strong></span> <span class='ocrx_word' id='word_1_133' title='bbox 693 2073 874 2160; x_wconf 75' lang='lat' dir='ltr'><strong>imperfecto</strong></span> <span class='ocrx_word' id='word_1_134' title='bbox 910 2081 983 2163; x_wconf 90' lang='lat' dir='ltr'><strong>poni</strong></span> <span class='ocrx_word' id='word_1_135' title='bbox 1020 2101 1144 2150; x_wconf 88' lang='lat' dir='ltr'><strong>neeesse</strong></span> <span class='ocrx_word' id='word_1_136' title='bbox 1183 2100 1249 2146; x_wconf 90' lang='lat' dir='ltr'><strong>esse</strong></span> <span class='ocrx_word' id='word_1_137' title='bbox 1290 2084 1431 2166; x_wconf 87' lang='lat' dir='ltr'><strong>apparet.</strong></span> 
     </span>
     <span class='ocr_line' id='line_1_18' title="bbox 313 2179 702 2266; baseline -0.008 -17"><span class='ocrx_word' id='word_1_138' title='bbox 313 2183 464 2266; x_wconf 79' lang='lat' dir='ltr'><strong>Exemplo</strong></span> <span class='ocrx_word' id='word_1_139' title='bbox 487 2182 553 2246; x_wconf 91' lang='lat' dir='ltr'><strong>sint</strong></span> <span class='ocrx_word' id='word_1_140' title='bbox 573 2179 607 2243; x_wconf 92' lang='lat' dir='ltr'><strong>bi</strong></span> <span class='ocrx_word' id='word_1_141' title='bbox 626 2179 702 2246; x_wconf 91' lang='lat' dir='ltr'><strong>loci:</strong></span> 
     </span>
    </p>

    <p class='ocr_par' dir='ltr' id='par_1_8' title="bbox 314 2282 1434 2777">
     <span class='ocr_line' id='line_1_19' title="bbox 396 2282 1432 2370; baseline 0.001 -20"><span class='ocrx_word' id='word_1_142' title='bbox 396 2285 470 2367; x_wconf 86' lang='lat' dir='ltr'><strong>Agr.</strong></span> <span class='ocrx_word' id='word_1_143' title='bbox 491 2282 548 2349; x_wconf 82' lang='lat'><strong>37:</strong></span> <span class='ocrx_word' id='word_1_144' title='bbox 571 2282 734 2348; x_wconf 85' lang='lat' dir='ltr'><strong>circumire</strong></span> <span class='ocrx_word' id='word_1_145' title='bbox 757 2286 847 2366; x_wconf 83' lang='lat' dir='ltr'><strong>terga</strong></span> <span class='ocrx_word' id='word_1_146' title='bbox 868 2287 1044 2370; x_wconf 88' lang='lat' dir='ltr'><strong>coeperant,</strong></span> <span class='ocrx_word' id='word_1_147' title='bbox 1081 2286 1189 2351; x_wconf 90' lang='lat' dir='ltr'><strong>ni...</strong></span> <span class='ocrx_word' id='word_1_148' title='bbox 1212 2285 1432 2369; x_wconf 83' lang='lat' dir='ltr'><strong>Agricola...</strong></span> 
     </span>
     <span class='ocr_line' id='line_1_20' title="bbox 314 2387 1433 2470; baseline 0.001 -17"><span class='ocrx_word' id='word_1_149' title='bbox 314 2391 451 2470; x_wconf 89' lang='lat' dir='ltr'><strong>quatuor</strong></span> <span class='ocrx_word' id='word_1_150' title='bbox 472 2388 539 2452; x_wconf 88' lang='lat' dir='ltr'><strong>alas</strong></span> <span class='ocrx_word' id='word_1_151' title='bbox 554 2433 561 2448; x_wconf 93' lang='lat'><strong>.</strong></span> <span class='ocrx_word' id='word_1_152' title='bbox 579 2387 834 2470; x_wconf 87' lang='lat' dir='ltr'><strong>..opposuisset</strong></span> <span class='ocrx_word' id='word_1_153' title='bbox 878 2389 948 2454; x_wconf 92' lang='lat' dir='ltr'><strong>bist.</strong></span> <span class='ocrx_word' id='word_1_154' title='bbox 962 2388 1021 2468; x_wconf 91' lang='lat' dir='ltr'><strong>III,</strong></span> <span class='ocrx_word' id='word_1_155' title='bbox 1033 2389 1089 2454; x_wconf 82' lang='lat'><strong>27:</strong></span> <span class='ocrx_word' id='word_1_156' title='bbox 1112 2388 1280 2456; x_wconf 88' lang='lat' dir='ltr'><strong>incesserat</strong></span> <span class='ocrx_word' id='word_1_157' title='bbox 1301 2391 1433 2455; x_wconf 90' lang='lat' dir='ltr'><strong>cuncta-</strong></span> 
     </span>
     <span class='ocr_line' id='line_1_21' title="bbox 314 2487 1433 2568; baseline -0.001 -14"><span class='ocrx_word' id='word_1_158' title='bbox 314 2491 369 2568; x_wconf 85' lang='lat' dir='ltr'><strong>tio,</strong></span> <span class='ocrx_word' id='word_1_159' title='bbox 402 2491 437 2555; x_wconf 95' lang='lat' dir='ltr'><strong>ni</strong></span> <span class='ocrx_word' id='word_1_160' title='bbox 460 2490 554 2555; x_wconf 88' lang='lat' dir='ltr'><strong>duces</strong></span> <span class='ocrx_word' id='word_1_161' title='bbox 577 2488 659 2553; x_wconf 88' lang='lat' dir='ltr'><strong>sesso</strong></span> <span class='ocrx_word' id='word_1_162' title='bbox 681 2487 850 2554; x_wconf 90' lang='lat' dir='ltr'><strong>militi...</strong></span> <span class='ocrx_word' id='word_1_163' title='bbox 874 2489 1059 2568; x_wconf 78' lang='lat' dir='ltr'><strong>Cremonam</strong></span> <span class='ocrx_word' id='word_1_164' title='bbox 1081 2494 1317 2558; x_wconf 85' lang='lat' dir='ltr'><strong>monstrassent.</strong></span> <span class='ocrx_word' id='word_1_165' title='bbox 1360 2510 1433 2555; x_wconf 91' lang='lat' dir='ltr'><strong>ann.</strong></span> 
     </span>
     <span class='ocr_line' id='line_1_22' title="bbox 314 2591 1434 2674; baseline 0.001 -17"><span class='ocrx_word' id='word_1_166' title='bbox 314 2591 370 2670; x_wconf 85' lang='lat' dir='ltr'><strong>IV,</strong></span> <span class='ocrx_word' id='word_1_167' title='bbox 393 2592 426 2656; x_wconf 89' lang='lat'><strong>9:</strong></span> <span class='ocrx_word' id='word_1_168' title='bbox 460 2591 487 2656; x_wconf 91' lang='lat' dir='ltr'><strong>si</strong></span> <span class='ocrx_word' id='word_1_169' title='bbox 507 2591 636 2658; x_wconf 90' lang='lat' dir='ltr'><strong>modum</strong></span> <span class='ocrx_word' id='word_1_170' title='bbox 658 2591 791 2656; x_wconf 87' lang='lat' dir='ltr'><strong>orationi</strong></span> <span class='ocrx_word' id='word_1_171' title='bbox 812 2592 984 2674; x_wconf 86' lang='lat' dir='ltr'><strong>posuisset,</strong></span> <span class='ocrx_word' id='word_1_172' title='bbox 1007 2593 1218 2658; x_wconf 87' lang='lat' dir='ltr'><strong>misericordia</strong></span> <span class='ocrx_word' id='word_1_173' title='bbox 1233 2643 1240 2658; x_wconf 92' lang='lat'><strong>.</strong></span> <span class='ocrx_word' id='word_1_174' title='bbox 1257 2643 1289 2658; x_wconf 87' lang='lat'><strong>..</strong></span> <span class='ocrx_word' id='word_1_175' title='bbox 1313 2592 1434 2659; x_wconf 90' lang='lat' dir='ltr'><strong>animos</strong></span> 
     </span>
     <span class='ocr_line' id='line_1_23' title="bbox 316 2693 728 2777; baseline -0.005 -17"><span class='ocrx_word' id='word_1_176' title='bbox 316 2694 514 2760; x_wconf 87' lang='lat' dir='ltr'><strong>audientium</strong></span> <span class='ocrx_word' id='word_1_177' title='bbox 535 2693 728 2777; x_wconf 86' lang='lat' dir='ltr'><strong>impleverat.</strong></span> 
     </span>
    </p>

    <p class='ocr_par' dir='ltr' id='par_1_9' title="bbox 251 2795 1433 3191">
     <span class='ocr_line' id='line_1_24' title="bbox 398 2795 1433 2882; baseline 0.001 -19"><span class='ocrx_word' id='word_1_178' title='bbox 398 2797 460 2863; x_wconf 88' lang='lat' dir='ltr'><strong>Sed</strong></span> <span class='ocrx_word' id='word_1_179' title='bbox 470 2795 667 2875; x_wconf 87' lang='lat' dir='ltr'><strong>Ammianus,</strong></span> <span class='ocrx_word' id='word_1_180' title='bbox 681 2816 777 2879; x_wconf 91' lang='lat' dir='ltr'><strong>quum</strong></span> <span class='ocrx_word' id='word_1_181' title='bbox 798 2798 885 2862; x_wconf 88' lang='lat' dir='ltr'><strong>hune</strong></span> <span class='ocrx_word' id='word_1_182' title='bbox 907 2816 1002 2862; x_wconf 91' lang='lat' dir='ltr'><strong>usum</strong></span> <span class='ocrx_word' id='word_1_183' title='bbox 1023 2797 1206 2878; x_wconf 86' lang='lat' dir='ltr'><strong>imitaretur,</strong></span> <span class='ocrx_word' id='word_1_184' title='bbox 1229 2797 1433 2882; x_wconf 84' lang='lat' dir='ltr'><strong>temporalia</strong></span> 
     </span>
     <span class='ocr_line' id='line_1_25' title="bbox 251 2899 1432 2984; baseline -0.002 -18"><span class='ocrx_word' id='word_1_185' title='bbox 251 2925 252 2928; x_wconf 43' lang='lat'>¹</span> <span class='ocrx_word' id='word_1_186' title='bbox 314 2900 473 2967; x_wconf 87' lang='lat' dir='ltr'><strong>subtiliter</strong></span> <span class='ocrx_word' id='word_1_187' title='bbox 483 2899 658 2965; x_wconf 88' lang='lat' dir='ltr'><strong>discamere</strong></span> <span class='ocrx_word' id='word_1_188' title='bbox 669 2899 808 2978; x_wconf 87' lang='lat' dir='ltr'><strong>nescivit,</strong></span> <span class='ocrx_word' id='word_1_189' title='bbox 822 2899 876 2964; x_wconf 91' lang='lat' dir='ltr'><strong>sed</strong></span> <span class='ocrx_word' id='word_1_190' title='bbox 885 2899 961 2965; x_wconf 90' lang='lat' dir='ltr'><strong>talia</strong></span> <span class='ocrx_word' id='word_1_191' title='bbox 970 2919 1090 2982; x_wconf 88' lang='lat' dir='ltr'><strong>quoque</strong></span> <span class='ocrx_word' id='word_1_192' title='bbox 1104 2902 1196 2966; x_wconf 89' lang='lat' dir='ltr'><strong>verba</strong></span> <span class='ocrx_word' id='word_1_193' title='bbox 1203 2900 1237 2966; x_wconf 94' lang='lat' dir='ltr'><strong>in</strong></span> <span class='ocrx_word' id='word_1_194' title='bbox 1246 2901 1432 2984; x_wconf 86' lang='lat' dir='ltr'><strong>plusquam·</strong></span> 
     </span>
     <span class='ocr_line' id='line_1_26' title="bbox 316 3001 1433 3087; baseline -0.003 -17"><span class='ocrx_word' id='word_1_195' title='bbox 316 3003 453 3087; x_wconf 86' lang='lat' dir='ltr'><strong>perfeeto</strong></span> <span class='ocrx_word' id='word_1_196' title='bbox 476 3002 583 3086; x_wconf 90' lang='lat' dir='ltr'><strong>ponit,</strong></span> <span class='ocrx_word' id='word_1_197' title='bbox 611 3019 689 3084; x_wconf 90' lang='lat' dir='ltr'><strong>quaa</strong></span> <span class='ocrx_word' id='word_1_198' title='bbox 711 3001 882 3084; x_wconf 88' lang='lat' dir='ltr'><strong>incipiendi</strong></span> <span class='ocrx_word' id='word_1_199' title='bbox 910 3021 974 3067; x_wconf 94' lang='lat' dir='ltr'><strong>non</strong></span> <span class='ocrx_word' id='word_1_200' title='bbox 995 3005 1112 3070; x_wconf 90' lang='lat' dir='ltr'><strong>babent</strong></span> <span class='ocrx_word' id='word_1_201' title='bbox 1141 3023 1279 3068; x_wconf 90' lang='lat' dir='ltr'><strong>sensum.</strong></span> <span class='ocrx_word' id='word_1_202' title='bbox 1323 3004 1433 3085; x_wconf 86' lang='lat' dir='ltr'><strong>Itaque</strong></span> 
     </span>
     <span class='ocr_line' id='line_1_27' title="bbox 314 3103 1342 3191; baseline 0 -21"><span class='ocrx_word' id='word_1_203' title='bbox 314 3104 616 3190; x_wconf 88' lang='lat' dir='ltr'><strong>plusquamperfeeti</strong></span> <span class='ocrx_word' id='word_1_204' title='bbox 637 3103 827 3175; x_wconf 86' lang='lat' dir='ltr'><strong>indicativus</strong></span> <span class='ocrx_word' id='word_1_205' title='bbox 848 3124 904 3190; x_wconf 90' lang='lat' dir='ltr'><strong>pro</strong></span> <span class='ocrx_word' id='word_1_206' title='bbox 927 3106 1122 3191; x_wconf 86' lang='lat' dir='ltr'><strong>conjunctivo</strong></span> <span class='ocrx_word' id='word_1_207' title='bbox 1145 3105 1264 3171; x_wconf 90' lang='lat' dir='ltr'><strong>desitus</strong></span> <span class='ocrx_word' id='word_1_208' title='bbox 1285 3109 1342 3170; x_wconf 86' lang='lat' dir='ltr'><strong>est.</strong></span> 
     </span>
    </p>

    <p class='ocr_par' dir='ltr' id='par_1_10' title="bbox 302 3207 1434 4111">
     <span class='ocr_line' id='line_1_28' title="bbox 401 3207 1431 3291; baseline -0.002 -19"><span class='ocrx_word' id='word_1_209' title='bbox 401 3208 487 3288; x_wconf 86' lang='lat' dir='ltr'><strong>XIV,</strong></span> <span class='ocrx_word' id='word_1_210' title='bbox 509 3209 539 3288; x_wconf 89' lang='lat'><strong>3,</strong></span> <span class='ocrx_word' id='word_1_211' title='bbox 562 3209 596 3275; x_wconf 78' lang='lat'><strong>2:</strong></span> <span class='ocrx_word' id='word_1_212' title='bbox 618 3207 701 3291; x_wconf 90' lang='lat' dir='ltr'><strong>quod</strong></span> <span class='ocrx_word' id='word_1_213' title='bbox 724 3207 750 3272; x_wconf 94' lang='lat' dir='ltr'><strong>si</strong></span> <span class='ocrx_word' id='word_1_214' title='bbox 772 3208 1003 3291; x_wconf 66' lang='lat' dir='ltr'><strong>impetrasset„</strong></span> <span class='ocrx_word' id='word_1_215' title='bbox 1021 3257 1027 3271; x_wconf 93' lang='lat'><strong>.</strong></span> <span class='ocrx_word' id='word_1_216' title='bbox 1045 3209 1212 3273; x_wconf 87' lang='lat' dir='ltr'><strong>.vestarat.</strong></span> <span class='ocrx_word' id='word_1_217' title='bbox 1234 3209 1263 3286; x_wconf 90' lang='grc'><strong>6,</strong></span> <span class='ocrx_word' id='word_1_218' title='bbox 1287 3208 1320 3272; x_wconf 81' lang='lat'><strong>3:</strong></span> <span class='ocrx_word' id='word_1_219' title='bbox 1345 3207 1431 3289; x_wconf 89' lang='lat' dir='ltr'><strong>(Vir-</strong></span> 
     </span>
     <span class='ocr_line' id='line_1_29' title="bbox 315 3308 1433 3392; baseline -0.001 -17"><span class='ocrx_word' id='word_1_220' title='bbox 315 3313 368 3375; x_wconf 91' lang='lat' dir='ltr'><strong>tus</strong></span> <span class='ocrx_word' id='word_1_221' title='bbox 391 3313 422 3375; x_wconf 90' lang='lat' dir='ltr'><strong>et</strong></span> <span class='ocrx_word' id='word_1_222' title='bbox 442 3310 581 3375; x_wconf 80' lang='lat' dir='ltr'><strong>Fortuna</strong></span> <span class='ocrx_word' id='word_1_223' title='bbox 596 3359 603 3374; x_wconf 92' lang='lat'><strong>.</strong></span> <span class='ocrx_word' id='word_1_224' title='bbox 620 3359 627 3376; x_wconf 87' lang='lat'><strong>.</strong></span> <span class='ocrx_word' id='word_1_225' title='bbox 645 3309 666 3390; x_wconf 77' lang='grc'><strong>.)</strong></span> <span class='ocrx_word' id='word_1_226' title='bbox 699 3328 830 3392; x_wconf 87' lang='lat' dir='ltr'><strong>quarum</strong></span> <span class='ocrx_word' id='word_1_227' title='bbox 864 3309 891 3374; x_wconf 90' lang='lat' dir='ltr'><strong>si</strong></span> <span class='ocrx_word' id='word_1_228' title='bbox 923 3312 1021 3376; x_wconf 88' lang='lat' dir='ltr'><strong>altera</strong></span> <span class='ocrx_word' id='word_1_229' title='bbox 1048 3309 1210 3388; x_wconf 89' lang='lat' dir='ltr'><strong>defuisset,</strong></span> <span class='ocrx_word' id='word_1_230' title='bbox 1245 3308 1370 3392; x_wconf 87' lang='lat' dir='ltr'><strong>(Roma)</strong></span> <span class='ocrx_word' id='word_1_231' title='bbox 1391 3309 1433 3374; x_wconf 91' lang='lat' dir='ltr'><strong>ad</strong></span> 
     </span>
     <span class='ocr_line' id='line_1_30' title="bbox 302 3411 1433 3494; baseline -0.002 -16"><span class='ocrx_word' id='word_1_232' title='bbox 302 3411 488 3494; x_wconf 80' lang='lat' dir='ltr'><strong>&#39;perfectam</strong></span> <span class='ocrx_word' id='word_1_233' title='bbox 520 3431 585 3477; x_wconf 94' lang='lat' dir='ltr'><strong>non</strong></span> <span class='ocrx_word' id='word_1_234' title='bbox 617 3415 747 3478; x_wconf 87' lang='lat' dir='ltr'><strong>venerat</strong></span> <span class='ocrx_word' id='word_1_235' title='bbox 777 3413 999 3478; x_wconf 87' lang='lat' dir='ltr'><strong>summitatem.</strong></span> <span class='ocrx_word' id='word_1_236' title='bbox 1056 3411 1146 3491; x_wconf 87' lang='lat' dir='ltr'><strong>XVI,</strong></span> <span class='ocrx_word' id='word_1_237' title='bbox 1182 3414 1231 3491; x_wconf 80' lang='lat'><strong>12,</strong></span> <span class='ocrx_word' id='word_1_238' title='bbox 1266 3412 1322 3476; x_wconf 79' lang='lat'><strong>70:</strong></span> <span class='ocrx_word' id='word_1_239' title='bbox 1355 3430 1433 3493; x_wconf 91' lang='lat' dir='ltr'><strong>quos</strong></span> 
     </span>
     <span class='ocr_line' id='line_1_31' title="bbox 318 3513 1431 3599; baseline -0.002 -16"><span class='ocrx_word' id='word_1_240' title='bbox 318 3515 451 3598; x_wconf 79' lang='lat' dir='ltr'><strong>(iuliani</strong></span> <span class='ocrx_word' id='word_1_241' title='bbox 472 3514 575 3599; x_wconf 87' lang='lat' dir='ltr'><strong>actus)</strong></span> <span class='ocrx_word' id='word_1_242' title='bbox 597 3514 762 3599; x_wconf 90' lang='lat' dir='ltr'><strong>sepelierat</strong></span> <span class='ocrx_word' id='word_1_243' title='bbox 784 3515 916 3598; x_wconf 88' lang='lat' dir='ltr'><strong>penitus,</strong></span> <span class='ocrx_word' id='word_1_244' title='bbox 940 3515 973 3579; x_wconf 90' lang='lat' dir='ltr'><strong>ni</strong></span> <span class='ocrx_word' id='word_1_245' title='bbox 993 3514 1099 3580; x_wconf 89' lang='lat' dir='ltr'><strong>fama.</strong></span> <span class='ocrx_word' id='word_1_246' title='bbox 1118 3563 1149 3578; x_wconf 91' lang='lat'><strong>..</strong></span> <span class='ocrx_word' id='word_1_247' title='bbox 1173 3515 1264 3580; x_wconf 89' lang='lat' dir='ltr'><strong>silere</strong></span> <span class='ocrx_word' id='word_1_248' title='bbox 1286 3513 1431 3581; x_wconf 87' lang='lat' dir='ltr'><strong>nesciret.</strong></span> 
     </span>
     <span class='ocr_line' id='line_1_32' title="bbox 317 3614 1434 3701; baseline -0.001 -19"><span class='ocrx_word' id='word_1_249' title='bbox 317 3616 404 3696; x_wconf 87' lang='lat' dir='ltr'><strong>XIX,</strong></span> <span class='ocrx_word' id='word_1_250' title='bbox 433 3616 463 3697; x_wconf 91' lang='grc'><strong>6,</strong></span> <span class='ocrx_word' id='word_1_251' title='bbox 499 3617 554 3683; x_wconf 85' lang='lat'><strong>11:</strong></span> <span class='ocrx_word' id='word_1_252' title='bbox 585 3618 754 3683; x_wconf 86' lang='lat' dir='ltr'><strong>Persarum</strong></span> <span class='ocrx_word' id='word_1_253' title='bbox 776 3636 893 3701; x_wconf 86' lang='lat' dir='ltr'><strong>regem,</strong></span> <span class='ocrx_word' id='word_1_254' title='bbox 915 3672 923 3689; x_wconf 86' lang='lat'><strong>.</strong></span> <span class='ocrx_word' id='word_1_255' title='bbox 946 3664 953 3679; x_wconf 94' lang='lat'><strong>.</strong></span> <span class='ocrx_word' id='word_1_256' title='bbox 978 3664 985 3678; x_wconf 90' lang='lat'><strong>.</strong></span> <span class='ocrx_word' id='word_1_257' title='bbox 1008 3614 1042 3681; x_wconf 95' lang='lat' dir='ltr'><strong>ni</strong></span> <span class='ocrx_word' id='word_1_258' title='bbox 1074 3615 1243 3684; x_wconf 89' lang='lat' dir='ltr'><strong>obstitisset</strong></span> <span class='ocrx_word' id='word_1_259' title='bbox 1272 3617 1434 3682; x_wconf 85' lang='lat' dir='ltr'><strong>violentior</strong></span> 
     </span>
     <span class='ocr_line' id='line_1_33' title="bbox 318 3717 1432 3808; baseline -0.003 -22"><span class='ocrx_word' id='word_1_260' title='bbox 318 3739 418 3799; x_wconf 88' lang='lat' dir='ltr'><strong>casus,</strong></span> <span class='ocrx_word' id='word_1_261' title='bbox 443 3768 450 3784; x_wconf 93' lang='lat'><strong>.</strong></span> <span class='ocrx_word' id='word_1_262' title='bbox 474 3767 482 3784; x_wconf 91' lang='lat'><strong>.</strong></span> <span class='ocrx_word' id='word_1_263' title='bbox 506 3768 513 3783; x_wconf 95' lang='lat'><strong>.</strong></span> <span class='ocrx_word' id='word_1_264' title='bbox 537 3719 770 3784; x_wconf 83' lang='lat' dir='ltr'><strong>obtruncarent.</strong></span> <span class='ocrx_word' id='word_1_265' title='bbox 814 3718 899 3797; x_wconf 91' lang='lat' dir='ltr'><strong>XXI,</strong></span> <span class='ocrx_word' id='word_1_266' title='bbox 924 3717 973 3798; x_wconf 86' lang='lat'><strong>13,</strong></span> <span class='ocrx_word' id='word_1_267' title='bbox 994 3719 1032 3784; x_wconf 81' lang='lat'><strong>2:</strong></span> <span class='ocrx_word' id='word_1_268' title='bbox 1061 3738 1133 3785; x_wconf 88' lang='lat' dir='ltr'><strong>nam</strong></span> <span class='ocrx_word' id='word_1_269' title='bbox 1157 3720 1213 3808; x_wconf 90' lang='lat' dir='ltr'><strong>si.</strong></span> <span class='ocrx_word' id='word_1_270' title='bbox 1237 3772 1242 3784; x_wconf 94' lang='lat'><strong>.</strong></span> <span class='ocrx_word' id='word_1_271' title='bbox 1266 3769 1274 3786; x_wconf 90' lang='lat'><strong>.</strong></span> <span class='ocrx_word' id='word_1_272' title='bbox 1296 3721 1432 3801; x_wconf 91' lang='lat' dir='ltr'><strong>nullum,</strong></span> 
     </span>
     <span class='ocr_line' id='line_1_34' title="bbox 317 3821 1431 3905; baseline 0.002 -19"><span class='ocrx_word' id='word_1_273' title='bbox 317 3823 371 3905; x_wconf 87' lang='lat' dir='ltr'><strong>qui</strong></span> <span class='ocrx_word' id='word_1_274' title='bbox 392 3822 558 3900; x_wconf 88' lang='lat' dir='ltr'><strong>resisteret,</strong></span> <span class='ocrx_word' id='word_1_275' title='bbox 582 3821 755 3888; x_wconf 89' lang='lat' dir='ltr'><strong>invenisset</strong></span> <span class='ocrx_word' id='word_1_276' title='bbox 777 3870 783 3884; x_wconf 93' lang='lat'><strong>.</strong></span> <span class='ocrx_word' id='word_1_277' title='bbox 808 3871 813 3884; x_wconf 94' lang='lat'><strong>.</strong></span> <span class='ocrx_word' id='word_1_278' title='bbox 836 3872 842 3884; x_wconf 91' lang='lat'><strong>.</strong></span> <span class='ocrx_word' id='word_1_279' title='bbox 865 3824 1045 3905; x_wconf 86' lang='lat' dir='ltr'><strong>penetrarat</strong></span> <span class='ocrx_word' id='word_1_280' title='bbox 1066 3822 1267 3905; x_wconf 81' lang='lat' dir='ltr'><strong>Euphratem.</strong></span> <span class='ocrx_word' id='word_1_281' title='bbox 1311 3822 1431 3903; x_wconf 94' lang='lat' dir='ltr'><strong>XXIII,</strong></span> 
     </span>
     <span class='ocr_line' id='line_1_35' title="bbox 317 3923 1432 4010; baseline 0.002 -20"><span class='ocrx_word' id='word_1_282' title='bbox 317 3924 348 4003; x_wconf 86' lang='lat'><strong>3,</strong></span> <span class='ocrx_word' id='word_1_283' title='bbox 371 3925 406 3989; x_wconf 85' lang='lat'><strong>3:</strong></span> <span class='ocrx_word' id='word_1_284' title='bbox 429 3925 462 3989; x_wconf 94' lang='lat' dir='ltr'><strong>ni</strong></span> <span class='ocrx_word' id='word_1_285' title='bbox 483 3925 649 4010; x_wconf 84' lang='lat' dir='ltr'><strong>multiplex</strong></span> <span class='ocrx_word' id='word_1_286' title='bbox 666 3924 800 4007; x_wconf 85' lang='lat' dir='ltr'><strong>juvisset</strong></span> <span class='ocrx_word' id='word_1_287' title='bbox 821 3923 991 4004; x_wconf 85' lang='lat' dir='ltr'><strong>auxilium,</strong></span> <span class='ocrx_word' id='word_1_288' title='bbox 1016 3925 1108 3992; x_wconf 90' lang='lat' dir='ltr'><strong>etiam</strong></span> <span class='ocrx_word' id='word_1_289' title='bbox 1130 3924 1272 3992; x_wconf 73' lang='lat' dir='ltr'><strong>Cumana</strong></span> <span class='ocrx_word' id='word_1_290' title='bbox 1294 3925 1432 3992; x_wconf 89' lang='lat' dir='ltr'><strong>carmina</strong></span> 
     </span>
     <span class='ocr_line' id='line_1_36' title="bbox 317 4016 981 4111; baseline 0 -20"><span class='ocrx_word' id='word_1_291' title='bbox 317 4031 550 4111; x_wconf 89' lang='lat' dir='ltr'><strong>consumpserat</strong></span> <span class='ocrx_word' id='word_1_292' title='bbox 571 4027 754 4111; x_wconf 87' lang='lat' dir='ltr'><strong>magnitudo</strong></span> <span class='ocrx_word' id='word_1_293' title='bbox 776 4016 981 4093; x_wconf 86' lang='lat' dir='ltr'><strong>flammarum.</strong></span> 
     </span>
    </p>

    <p class='ocr_par' dir='ltr' id='par_1_11' title="bbox 400 4128 1430 4215">
     <span class='ocr_line' id='line_1_37' title="bbox 400 4128 1430 4215; baseline 0.004 -23"><span class='ocrx_word' id='word_1_294' title='bbox 400 4128 592 4196; x_wconf 85' lang='lat' dir='ltr'><strong>Indicatiuus</strong></span> <span class='ocrx_word' id='word_1_295' title='bbox 608 4129 774 4214; x_wconf 87' lang='lat' dir='ltr'><strong>pe&#39;rfecti</strong></span> <span class='ocrx_word' id='word_1_296' title='bbox 791 4148 846 4214; x_wconf 91' lang='lat' dir='ltr'><strong>pro</strong></span> <span class='ocrx_word' id='word_1_297' title='bbox 862 4130 1062 4214; x_wconf 86' lang='lat' dir='ltr'><strong>conjunctivo</strong></span> <span class='ocrx_word' id='word_1_298' title='bbox 1077 4128 1255 4213; x_wconf 89' lang='lat' dir='ltr'><strong>imperfecti</strong></span> <span class='ocrx_word' id='word_1_299' title='bbox 1271 4131 1321 4196; x_wconf 86' lang='lat' dir='ltr'><strong>vel</strong></span> <span class='ocrx_word' id='word_1_300' title='bbox 1337 4130 1430 4215; x_wconf 89' lang='lat' dir='ltr'><strong>plus·</strong></span> 
     </span>
    </p>
   </div>
   <div class='ocr_carea' id='block_1_5' title="bbox 317 4231 1429 4320">
    <p class='ocr_par' dir='ltr' id='par_1_12' title="bbox 317 4231 1429 4320">
     <span class='ocr_line' id='line_1_38' title="bbox 317 4231 1429 4320; baseline 0.002 -24"><span class='ocrx_word' id='word_1_301' title='bbox 317 4231 541 4314; x_wconf 88' lang='lat' dir='ltr'><strong>quamperfecti</strong></span> <span class='ocrx_word' id='word_1_302' title='bbox 561 4235 593 4297; x_wconf 90' lang='lat' dir='ltr'><strong>et</strong></span> <span class='ocrx_word' id='word_1_303' title='bbox 615 4232 757 4301; x_wconf 81' lang='lat' dir='ltr'><strong>a&#39;Iacito</strong></span> <span class='ocrx_word' id='word_1_304' title='bbox 779 4236 811 4298; x_wconf 88' lang='lat' dir='ltr'><strong>et</strong></span> <span class='ocrx_word' id='word_1_305' title='bbox 833 4231 1049 4300; x_wconf 78' lang='lat' dir='ltr'><strong>abAmmieno</strong></span> <span class='ocrx_word' id='word_1_306' title='bbox 1072 4233 1227 4302; x_wconf 85' lang='lat' dir='ltr'><strong>rarissime</strong></span> <span class='ocrx_word' id='word_1_307' title='bbox 1250 4236 1429 4320; x_wconf 90' lang='lat' dir='ltr'><strong>usurpatur.</strong></span> 
     </span>
    </p>
   </div>
   <div class='ocr_carea' id='block_1_6' title="bbox 0 0 1614 5056">
    <p class='ocr_par' dir='ltr' id='par_1_13' title="bbox 0 0 1614 5056">
     <span class='ocr_line' id='line_1_39' title="bbox 0 0 1614 5056; baseline 0 0"><span class='ocrx_word' id='word_1_308' title='bbox 0 0 1614 5056; x_wconf 95' lang='lat' dir='ltr'><strong> </strong></span> 
     </span>
    </p>
   </div>
  </div>
 </body>
</html>
