3194 5056
332 571 441 652 potest.
487 569 572 633 Idem
601 567 826 634 demonstratur
843 568 901 634 boo
922 570 1002 636 loco:
1035 567 1103 649 VX,
1128 569 1158 649 5,
1183 569 1235 634 16:
1267 568 1448 654 Laniogaiso
1588 559 1589 584 ¹

332 721 339 735 .
367 720 374 735 .
400 722 408 737 .
430 671 556 738 docente
578 671 723 751 Francos,
745 670 825 737 unde
846 669 1011 755 (Silvanus)
1034 670 1196 738 oriebatur.

419 770 653 860 Imperfectum

332 895 387 960 pro
410 876 711 960 plusquamperfecto
734 877 856 961 praeter
876 879 967 955 huno,
991 896 1081 960 quem
1103 879 1193 942 modo
1215 878 1316 957 1111111,
1344 880 1446 945 locum
1588 941 1589 944 ,

331 979 444 1062 legitur
465 977 583 1058 XVIII,
601 979 652 1061 10,
667 980 706 1044 4;
728 977 927 1044 lenitudinem
943 979 1078 1062 profecto
1093 979 1272 1062 intempore
1288 980 1455 1060 simulans,¹

331 1081 366 1144 ut
388 1097 501 1196 omnes,
532 1099 610 1163 quos
631 1081 760 1146 antebac
782 1131 790 1145 .
815 1128 823 1143 .
849 1129 856 1146 .
879 1079 1058 1147 crudelitate
1084 1081 1230 1163 merebat,
1257 1083 1364 1164 sponte
1391 1101 1449 1148 sua

333 1231 369 1246 ··
396 1183 647 1367 Jffiffiimm
670 1285 781 1350 demtis
808 1283 969 1367 scriptores
991 1283 1023 1349 in
1051 1283 1278 1350 enuntiatorum
1309 1284 1440 1350 condici-

335 1386 469 1452 onalium
490 1385 579 1450 modo
602 1385 719 1470 protasi
741 1385 830 1450 modo
852 1385 978 1469 spodosi
1000 1405 1059 1452 non
1080 1405 1149 1453 raro
1170 1405 1225 1470 pro
1254 1385 1450 1470 conjunctivo
1588 1444 1589 1476 ,

330 1487 626 1572 plusquamperfecti
647 1489 763 1571 ponunt
784 1487 1014 1570 conjunctivum
1035 1487 1218 1570 imperfecti.
1248 1488 1297 1570 (ci.
1322 1487 1443 1570 Zumpt.

331 1610 375 1674 gr.
410 1590 428 1672 ξ
450 1589 537 1662 525).
580 1589 762 1656 Ammianea
784 1591 920 1672 exempla
942 1591 1013 1655 sunt
1033 1590 1124 1656 baec:

413 1692 500 1772 XVI,
523 1693 552 1771 V,
574 1691 611 1756 b:
635 1709 726 1774 quem
754 1691 781 1755 si
803 1689 955 1757 Constans
977 1692 1051 1758 olim
1074 1742 1082 1759 .
1105 1743 1112 1761 .
1136 1742 1143 1757 .
1177 1691 1298 1760 audiret
1319 1693 1448 1757 honesta

331 1793 508 1860 suadentem
541 1795 573 1858 et
604 1793 697 1871 reeta,
730 1792 815 1858 nulla
844 1793 891 1858 vel
921 1793 1008 1859 venia
1038 1797 1119 1860 certa
1150 1793 1242 1880 digna
1274 1795 1444 1881 peccasset.

332 1896 436 1978 XXII,
472 1898 521 1978 10,
554 1895 589 1959 a:
622 1897 653 1959 et
684 1893 903 1959 aestimabatur
935 1945 943 1960 .
971 1944 978 1959 .
1009 1943 1016 1960 .
1050 1895 1179 1962 Justitia
1209 1896 1379 1981 imperante
1411 1918 1447 1964 eo
1588 1878 1589 1966 1

332 1997 484 2084 (Iuliano)
506 2015 626 2063 reversa
647 1995 807 2075 adtende,
830 1995 861 2060 ni
883 1996 1034 2078 quaedam
1049 2017 1104 2064 suo
1131 2001 1245 2083 ageret,
1271 2018 1330 2065 non
1343 1999 1447 2084 legum

331 2099 466 2180 arbitrio,
489 2117 651 2182 amansque
674 2098 834 2182 aliquoties
856 2098 1047 2166 obnubilaret
1069 2101 1239 2185 gloria-rum
1262 2100 1447 2185 multiplices

333 2221 448 2268 cursus.
503 2201 619 2282 XXIV,
653 2203 683 2282 4,
716 2201 772 2266 24:
805 2220 837 2266 se
868 2202 949 2268 ultro
982 2201 1122 2281 offerret,
1160 2202 1187 2268 si
1218 2201 1306 2267 miles
1340 2203 1449 2268 fnisset
1588 2247 1589 2279 ,

332 2304 546 2385 memorabilis⁸
570 2303 709 2370 conscius
741 2303 825 2368 facti.
880 2303 1041 2370 Similiter:
1075 2304 1172 2383 XXV,
1194 2305 1225 2384 4,
1250 2304 1298 2369 19.
1345 2306 1393 2387 10,
1416 2305 1446 2370 5.

331 2407 446 2487 XXXI,
470 2406 593 2486 10,19.

417 2508 633 2592 Coujunctisus
654 2506 828 2590 imperfecti
849 2525 905 2589 pro
920 2507 1082 2592 participio
1104 2507 1199 2573 loturi
1223 2528 1292 2574 cum
1308 2514 1447 2590 „essem“

329 2613 435 2696 juncto
457 2610 592 2694 sequitur
614 2626 649 2674 ex
670 2608 849 2692 praesentis,
882 2628 971 2691 quem
1004 2629 1095 2694 snpra
1116 2611 1362 2695 commemnrovi,
1390 2629 1449 2677 usu

331 2734 386 2797 pro
408 2714 545 2797 tempore
567 2711 669 2776 futuro
692 2709 852 2775 adhibiti.

415 2815 501 2895 XIX,
527 2816 555 2897 1,
570 2815 605 2878 4:
627 2813 757 2880 caeleste
779 2829 891 2877 numen
912 2859 920 2878 .
944 2860 951 2876 .
972 2861 980 2878 .
1003 2812 1175 2897 adegerat.
1199 2863 1207 2880 .
1229 2861 1237 2876 .
1263 2814 1448 2897 credentem,

332 2920 412 3002 quod
443 2919 508 2986 viso
545 2915 651 2982 statim
683 2913 798 2980 obsessi
830 2931 933 2980 omnes
970 2918 1056 2981 metu
1094 2917 1259 2984 exanimati
1295 2917 1450 3002 supplicas

331 3021 466 3089 venirent
496 3019 529 3086 in
560 3037 675 3102 preces.
728 3017 845 3097 XXIII,
870 3019 898 3101 1,
922 3018 956 3083 V:
988 3019 1052 3084 alia
1073 3040 1192 3104 quoque
1211 3020 1331 3087 minora
1358 3021 1450 3107 signa

332 3122 467 3204 subinde,
490 3121 566 3205 quid
587 3120 747 3200 accideret,
770 3120 978 3188 ostendebant.

331 3222 641 3406 usiuffflgnus,
664 3344 759 3408 quum
780 3342 927 3408 praeseus
949 3327 1130 3410 expectetur,
1153 3326 1203 3393 his
1223 3327 1313 3394 locis:

415 3427 499 3506 XVI,
521 3427 551 3508 5,
576 3427 631 3494 17:
653 3431 688 3494 ut
709 3427 823 3493 bestiae
845 3427 1004 3494 custodum
1024 3428 1215 3514 neglegentia
1235 3431 1327 3514 raptu
1348 3429 1449 3497 vivom

331 3529 440 3597 solitae
476 3547 512 3594 ne
544 3530 593 3595 his
627 3528 747 3612 quidem
778 3528 904 3595 remotis
937 3527 1144 3613 adpositisque
1166 3531 1343 3598 fortioribus
1376 3535 1447 3598 ab·

263 3651 264 3658 ¹
331 3634 575 3710 acesserunt,
599 3629 651 3697 sed
666 3632 869 3698 tumescentes
883 3629 1044 3697 inedia...
1067 3635 1257 3700 armamenta
1277 3636 1325 3701 vel
1340 3654 1448 3721 greges

281 3821 283 3825 v
329 3735 494 3802 incursant.
538 3731 624 3815 XIX,
648 3734 677 3816 t,
703 3735 736 3799 1:
770 3751 874 3800 omnes
906 3733 1050 3818 oppetere
1081 3735 1211 3820 gloriose
1242 3739 1447 3822 properabant

330 3840 384 3904 ant
397 3837 485 3903 ruina
506 3834 589 3901 urbIs
611 3834 719 3901 animis
742 3835 883 3902 litasse
906 3853 1073 3902 caesorum.

414 3937 589 4005 Perfectum
622 3955 678 4023 pro
709 3936 1003 4022 plusquamperfecto
1032 3939 1097 4023 jam
1133 3939 1245 4007 caesa
1279 3939 1445 4021 ranssima,

330 4039 444 4122 Livius,
467 4039 592 4106 Tacitus
616 4038 770 4106 interdum
790 4040 950 4124 usurpant,
978 4039 1058 4123 quod
1086 4040 1225 4124 exempla
1250 4040 1446 4126 aDraegero

330 4141 458 4208 collecta
480 4141 752 4227 demonstrant-(h.
777 4141 808 4209 S.
830 4146 850 4224 ξ
873 4143 935 4209 130
955 4143 1016 4227 Α.).
1039 4142 1124 4208 Idem
1146 4141 1228 4227 apud
1250 4142 1445 4212 ammianum

329 4242 482 4310 invenltur
503 4240 551 4309 bis
575 4243 666 4310 locis:
