3194 5056
701 371 742 438 37

160 559 388 627 deliberatione
411 565 573 642 tractatur,
598 584 637 631 an
660 613 668 628 .
692 613 724 630 ..
746 566 945 648 peregrinum
967 567 1091 644 invitari
1105 571 1278 635 conveniet.

162 663 193 742 Ι,
218 664 252 739 Ι;
277 665 487 746 quaeritatum
589 687 630 732 an
652 667 681 730 ei
702 667 826 732 firmum
849 669 1085 751 portenderetur
1105 671 1277 756 imperium.

161 765 433 934 {inffloergg'
463 770 572 847 Ι,19;
623 770 691 848 XV,
721 771 808 853 7,4;
851 769 973 850 XXIX,
1003 774 1031 852 1,
1061 774 1120 851 2Ο;
1171 775 1198 854 1,
1221 775 1277 852 33;

588 1015 827 1024 ...--——-

249 1183 352 1264 Quum
386 1187 537 1269 reliquum
560 1191 611 1267 sit,
648 1193 685 1253 nt
707 1186 811 1256 verba
841 1191 1028 1267 traetemuS,
1064 1189 1208 1275 deinceps
1241 1195 1279 1259 de

161 1285 356 1385 modorum,
384 1289 562 1372 partieipii,
599 1292 760 1373 gerundii,
796 1290 963 1369 infinitivi,
1000 1293 1176 1373 temporum
1222 1314 1279 1358 usu

161 1387 362 1454 disseremus.

527 1552 583 1615 De
605 1549 803 1616 modorum
825 1563 908 1614 usu.

248 1667 277 1729 1.
303 1665 348 1734 ne
370 1665 558 1736 indicativo.

250 1769 402 1834 Graecum
443 1790 534 1835 usum
571 1773 736 1852 sequentes
772 1769 897 1847 bivine,
939 1771 1083 1850 Territus,
1120 1773 1277 1852 Justinus,

162 1871 346 1956 saepissime
386 1873 575 1938 Ammianus
615 1873 646 1935 in
692 1872 862 1938 enuntiatis
910 1873 1085 1939 minoribus
1133 1874 1278 1940 orationis

162 1974 310 2056 obliquae
346 1975 550 2040 indicativum
585 1978 707 2059 ponunt
748 1994 805 2058 pro
832 1976 1049 2059 eonjunotivo,
1087 1976 1209 2042 etiamsi
1244 1997 1279 2041 ex

160 2078 333 2158 loquentis,
356 2097 420 2142 non
442 2077 610 2144 seribentis
633 2096 724 2142 sensu
739 2096 776 2142 ea
790 2095 937 2143 emanare
951 2077 1196 2161 intellegendum
1218 2083 1277 2143 est.

159 2179 316 2261 Exempla
344 2179 475 2246 Liviana
502 2201 531 2246 v.
553 2179 707 2244 Kihnast.
730 2179 751 2242 l.
775 2199 800 2245 o.
825 2198 856 2262 p.
880 2180 943 2245 235
965 2199 1010 2261 sq.
1044 2180 1148 2245 Multo
1172 2184 1277 2245 tumen

160 2281 262 2363 magis
293 2284 507 2350 memorabiles
540 2287 614 2348 sunt
642 2282 704 2347 loei
733 2282 862 2359 Tanitei,
899 2299 976 2362 quos
1006 2282 1178 2365 Draegerus
1211 2283 1277 2364 (ub.

160 2384 279 2468 Syntax
302 2404 334 2449 u.
357 2383 416 2450 Stil
438 2389 497 2450 eto.
519 2389 539 2466 ξ
564 2384 637 2467 151)
659 2384 755 2449 affert.

244 2486 395 2568 Exemplo
418 2478 552 2552 sint‘hi:
575 2506 647 2552 ann.
672 2486 731 2565 ΙΙΙ,
747 2487 782 2551 6:
805 2488 896 2569 proin
918 2489 1093 2571 repeterent
1115 2487 1277 2566 solemnia,

160 2592 192 2653 et
224 2589 298 2669 quia
329 2588 475 2654 ludorum
507 2591 736 2674 Megalensium
770 2590 982 2673 speetaoulum
1004 2589 1149 2670 suberat,
1184 2592 1279 2658 etiam

160 2692 341 2774 voluptates
374 2696 574 2758 resumerent.
628 2693 685 2772 ΙΙΙ,
720 2694 779 2758 69:
813 2712 876 2759 non
908 2694 1035 2777 quidem
1073 2695 1134 2759 sibi
1169 2694 1279 2778 ignara

160 2812 239 2874 quae
261 2792 299 2858 de
321 2793 425 2859 Silano
447 2794 666 2878 vulgabantur.

244 2894 429 2961 Ammianus
462 2895 530 2979 ejus
562 2898 648 2964 modi
678 2897 756 2963 loeis
786 2896 853 2978 jnm
874 2887 940 2962 sine
973 2896 1152 2962 disorimine
1186 2895 1277 2961 modo

159 2997 338 3076 indioatiuo,
361 2999 453 3065 modo
475 2999 670 3081 oonjunetivo
693 2999 799 3063 utitur.

244 3117 328 3198 XIV,
354 3119 402 3197 11,
426 3120 482 3183 11:
512 3119 637 3201 saepius
659 3118 848 3202 replicando,
880 3119 963 3199 quod
984 3169 989 3180 .
1013 3165 1021 3182 .
1045 3166 1052 3181 .
1075 3138 1146 3183 eum
1175 3118 1278 3184 videre

159 3221 257 3287 frater
289 3225 415 3305 ouperet
447 3222 608 3304 patruelis,
646 3221 768 3302 siquid
801 3239 857 3302 per
877 3217 1123 3304 imprudentiam
1155 3225 1278 3302 gestum

161 3321 226 3406 111,
249 3324 449 3388 remissurus.
494 3325 562 3401 XV,
588 3325 615 3402 1,
638 3324 672 3388 2:
704 3324 849 3388 virtutem
871 3322 1119 3403 felicitatemque
1141 3323 1277 3406 impera·

162 3426 239 3492 toris
261 3428 452 3492 extollebant
473 3427 506 3492 in
530 3428 660 3505 eaelum,
685 3424 774 3509 eujus
797 3428 876 3489 nutu
906 3476 912 3487 .
938 3475 944 3487 .
968 3472 975 3485 .
1005 3423 1067 3488 duo
1089 3426 1278 3491 exauotorati

162 3527 242 3595 sunl
263 3528 429 3612 principes.
474 3529 503 3607 b,
526 3528 562 3593 6:
585 3527 718 3611 petebat,
741 3531 777 3592 ut
799 3577 806 3590 .
832 3576 862 3590 ..
882 3525 1040 3609 juberetur
1060 3527 1105 3591 ire
1128 3528 1277 3593 duoturus

164 3631 337 3709 Silvanum,
362 3630 490 3712 adgredi
513 3631 590 3696 nihil
610 3631 672 3696 tale
696 3633 850 3707 conatum,
874 3627 962 3710 quale
985 3627 1184 3694 insidiatores
1208 3678 1214 3691 .
1239 3676 1246 3689 .
1271 3679 1276 3692 .

163 3730 386 3801 annullarunt.
437 3731 505 3810 XV,
520 3732 551 3810 5,
570 3733 624 3796 17:
647 3733 803 3815 perfertur
825 3729 1038 3796 Mediolanum
1061 3779 1090 3796 ..
1111 3780 1119 3796 .
1140 3731 1278 3810 nuntior,

164 3839 271 3918 aperte
304 3835 467 3902 Silvanum
501 3834 728 3913 demonstrans,
759 3834 833 3898 dum
866 3853 902 3898 ex
931 3833 1108 3914 magisterio
1137 3832 1279 3916 peditum

164 3937 259 4003 altius
281 3936 408 4022 nititur,
433 3985 490 4002 ...
513 3935 550 4001 ad
573 3935 752 4020 Augustum
776 3936 901 4003 eulmen
924 3940 1074 4003 ereetum.
1110 3935 1179 4013 XX,
1195 3934 1225 4013 9,
1241 3935 1278 3998 4:

165 4061 252 4123 eum,
290 4042 317 4106 si
350 4040 447 4106 saluti
485 4056 557 4102 suae
596 4041 867 4122 proximommque
904 4036 1049 4108 consulu
1081 4089 1087 4101 .
1117 4086 1124 4101 .
1154 4084 1160 4098 .
1198 4037 1279 4102 intra

164 4143 303 4210 Caesaris
326 4163 358 4208 se
380 4145 564 4227 potestatem
588 4143 744 4208 eontinere
767 4143 972 4227 praecipiens.
1021 4137 1124 4217 XVII,
1149 4139 1197 4217 12,
1222 4139 1277 4204 14:

165 4246 316 4314 Arahario
339 4294 346 4310 .
370 4295 377 4310 .
402 4297 409 4312 .
432 4247 574 4312 firmante
596 4264 715 4329 paoem,
746 4264 838 4327 quam
861 4247 929 4330 ipse
952 4240 1079 4324 meruit,
1108 4242 1137 4308 ei
1159 4260 1278 4327 quoque
