3194 5056
728 356 768 420 31

190 551 273 615 itum
294 547 462 630 adsignari.
506 543 613 624 XXII,
637 546 666 625 1,
697 546 732 610 2:
770 545 981 611 exclamavit.
1004 594 1012 609 .
1035 597 1041 609 .
1064 543 1221 622 oeeidisse,
1254 544 1306 626 qui

191 667 265 718 eum
289 651 328 716 ed
351 651 475 715 eulmen
498 649 653 714 extulerat
675 650 793 714 oelsum
818 647 907 729 (pro:
931 647 1104 712 extulisset.
1128 647 1308 726 —„tulerat

190 753 329 818 oelsnm“
358 753 497 818 additum
528 771 565 816 en
594 751 733 816 editione
761 748 905 829 Gelouii).
950 747 1033 827 XXI,
1058 749 1087 827 7,
1111 749 1146 813 2:
1178 749 1306 828 veritur,

79 911 83 920 .
193 873 229 918 ne
268 853 375 920 Africa
411 855 540 922 absente
577 868 617 921 eo
651 854 911 936 perrumperetur.
969 849 1070 929 XXII,
1108 851 1137 929 7,
1173 849 1208 915 5:
1246 851 1307 917 duo

193 959 317 1038 agentes
349 957 382 1022 in
405 959 496 1024 rebus
530 976 600 1024 eum
630 955 731 1022 adiere
760 955 907 1020 fidentius
930 953 1148 1036 promittentes
1170 955 1307 1020 latebras

191 1063 363 1126 monstrare
385 1059 546 1138 Florentii,
570 1059 598 1123 si
620 1057 669 1126 oia
692 1057 807 1142 gradus
831 1055 962 1121 mitiliae
984 1055 1171 1122 redderetur.

274 1187 466 1253 Probabilius
478 1185 572 1252 otiam
584 1203 620 1250 oa
634 1201 667 1249 ro
679 1181 876 1248 Ammianum
898 1202 989 1248 nsum
1000 1181 1153 1248 Graeoum
1169 1184 1309 1248 seoutum

191 1309 256 1354 esse
279 1289 469 1373 putabimus,
507 1288 586 1370 quod
609 1286 769 1370 oonjunoto
792 1304 820 1367 q.
844 1285 872 1350 d.
895 1284 1058 1369 partieipio
1080 1285 1112 1348 in
1134 1304 1208 1350 oasu
1230 1285 1308 1350 obli-

190 1410 248 1473 quo
261 1393 363 1474 posito
375 1410 540 1474 pronomen
552 1391 621 1468 „is“
634 1389 777 1475 adjungit
788 1407 842 1472 pro
853 1387 1002 1466 reflexim,
1014 1386 1072 1478 etsi
1088 1387 1127 1452 ad
1138 1386 1308 1470 eubjeotum

189 1493 324 1576 respioIt,
349 1494 437 1576 quasi
458 1491 654 1576 partieipium
677 1495 852 1575 separatam
874 1488 988 1555 efdoiot
1010 1489 1256 1556 enuntiationem.

273 1619 387 1699 XXVI,
413 1624 462 1698 10,
485 1621 518 1684 4:
540 1615 784 1701 Philippopolim
809 1669 813 1679 .
839 1663 846 1678 .
870 1665 877 1680 .
905 1635 1037 1681 reserare
1059 1614 1233 1694 oonabatur,
1257 1636 1309 1681 ur-

189 1721 259 1786 bem
345 1722 561 1806 impediturem
584 1719 659 1806 ojus
681 1719 845 1801 adpetitus.
889 1718 1003 1798 XXIX,
1026 1719 1056 1797 5,
1072 1721 1105 1785 8:
1128 1723 1308 1789 veniam...

189 1825 336 1906 poscebat
357 1872 367 1890 .
390 1872 398 1889 .
423 1874 430 1888 .
455 1824 579 1908 seriptis
602 1819 796 1898 docentibus,
831 1835 902 1888 aum
930 1841 989 1886 non
1011 1827 1120 1904 sponte
1142 1841 1197 1890 sue
1219 1826 1257 1891 ad
1279 1826 1309 1890 id

190 1944 335 2008 erupisse.

274 2025 389 2092 Contra
409 2025 561 2093 nonnullis
589 2024 665 2091 loois
686 2043 854 2108 pronomen
884 2026 1058 2092 reflexivum
1078 2027 1231 2094 invenitur
1253 2049 1308 2113 pro

190 2127 426 2193 demonstrativo
450 2129 529 2208 „is“,
562 2127 641 2210 quod
673 2130 749 2195 item
782 2128 967 2211 optimorum
1000 2130 1157 2196 auotomm
1181 2134 1309 2197 orationi
1351 2163 1352 2166 ¹

189 2249 250 2296 non
272 2230 356 2296 deest
379 2231 433 2313 (of.
455 2231 599 2312 Droegor.
622 2229 653 2294 h.
677 2230 707 2295 S.
731 2230 749 2312 ᾖ
772 2231 839 2312 30).
882 2229 950 2308 XX,
973 2231 1003 2308 9,
1026 2229 1061 2294 8:
1092 2234 1127 2296 ut
1146 2231 1210 2299 sibl
1233 2233 1309 2298 utile

189 2331 358 2398 videbatur.
402 2332 502 2411 XXII,
526 2335 554 2410 1,
577 2333 612 2396 2:
635 2332 722 2415 lapso
744 2331 852 2409 milite,
886 2331 938 2414 qui
958 2347 998 2401 aa
1030 2332 1066 2415 (i.
1089 2352 1115 2397 e.
1137 2332 1308 2416 Iulianum)

189 2433 378 2500 insessurum
401 2455 479 2518 equo
502 2434 607 2500 dextro
628 2453 720 2499 manu
742 2434 866 2500 erexit.
889 2485 897 2499 .
919 2482 926 2498 .
950 2434 1204 2502 exclamavit...
1229 2439 1308 2504 oeoi·

190 2536 269 2601 disse
381 2549 423 2611 (v.
457 2537 508 2620 s).
570 2537 683 2616 XXlX,
702 2541 746 2614 l,
778 2539 829 2602 19:
873 2536 1069 2603 adulescebat
1108 2540 1210 2605 autem
1253 2540 1308 2605 ob·

188 2639 335 2704 stinatum
366 2637 431 2722 ejus
464 2640 673 2724 propositum,
719 2638 899 2708 admovente
935 2638 1078 2706 stimulos
1115 2641 1245 2708 avaritia
1277 2649 1309 2709 ot

191 2757 255 2809 aua
277 2742 308 2806 et
330 2761 444 2821 eorum,
467 2742 591 2826 qui...

273 2862 317 2926 llx
340 2881 401 2927 usu
423 2859 541 2927 Graeco
563 2863 718 2946 sumptum
740 2881 807 2928 esse
828 2862 906 2928 mihi
928 2861 1057 2942 videtur,
1079 2861 1307 2943 quoddmmia·

190 2982 245 3028 nus
264 2963 415 3029 nonnulIIe
437 2963 512 3028 loeis
533 2981 589 3046 pro
612 2963 783 3047 possessivo
805 2963 943 3030 reflexivo
966 2963 1139 3044 genetivum
1153 2965 1308 3046 pronomi-

189 3065 239 3130 nis
261 3063 430 3148 persooalis
451 3064 584 3131 reflexivi
604 3065 701 3148 ponit.
745 3065 812 3142 XV,
837 3065 866 3145 7,
887 3066 920 3130 6:
944 3064 1142 3148 plurimorum
1165 3067 1212 3131 eui
1234 3086 1307 3132 oon-

190 3166 317 3231 sortium
339 3165 373 3242 (i.
396 3185 421 3232 e.
444 3165 653 3252 collegarum).
697 3167 794 3246 XXX,
807 3167 916 3251 v1o,6:
938 3166 1053 3247 absque
1076 3165 1123 3231 soi
1144 3168 1306 3252 permissu.

189 3268 256 3347 XX,
279 3269 308 3347 9,
332 3268 364 3332 8:
398 3267 537 3334 dentmm
568 3267 616 3333 sui
647 3270 738 3336 latus.
762 3306 803 3317 -
825 3271 850 3334 ld
872 3269 981 3352 quibus
1008 3269 1153 3351 exemplis
1175 3271 1307 3353 primum

189 3390 248 3435 non
269 3371 334 3435 sola
354 3389 390 3437 ea
412 3369 554 3454 analogia
574 3371 678 3454 potest
700 3371 848 3456 expediri,
885 3369 965 3453 quod
987 3376 1154 3449 „oonsors“
1179 3373 1306 3456 adjecti-

190 3490 298 3536 vorum
317 3472 516 3539 rolativorum
537 3473 630 3539 habet
651 3475 722 3541 vim.

275 3592 444 3658 Pronomen
465 3591 608 3672 „nullus“
631 3596 685 3677 aut
706 3592 834 3678 pluralis
857 3590 975 3672 „nulli“
1010 3609 1099 3674 saepe
1120 3592 1307 3658 substantIve

188 3713 244 3779 pro
266 3699 397 3774 „nemo“
422 3695 596 3778 usurpatur.
640 3697 726 3776 XIV,
750 3696 778 3774 7,
801 3694 836 3761 5:
869 3691 996 3758 adsidue
1018 3693 1203 3778 replicando,
1227 3693 1306 3776 quod

189 3797 289 3862 nullus
324 3816 412 3882 egere
443 3796 555 3881 poterit
586 3797 679 3864 vietu.
723 3798 806 3877 XVI,
830 3797 879 3874 12,
904 3795 955 3859 16:
990 3795 1043 3863 sed
1071 3799 1174 3865 nullus
1204 3800 1305 3864 muta-

187 3903 252 3966 tam
274 3900 422 3966 rationem
444 3897 592 3983 temporis
614 3900 798 3966 advertebat.
843 3897 943 3976 XVll,
969 3900 997 3978 1,
1022 3899 1076 3963 11:
1108 3898 1183 3965 dum
1203 3901 1306 3966 nullus

188 4001 358 4070 obsisteret.
391 3999 504 4086 XXVI,
528 4003 557 4078 1,
578 4001 616 4066 5:
638 4003 739 4068 nullus
761 4000 858 4067 tenuit
880 3999 1093 4085 gubemeoula.
1118 4001 1216 4082 XXX,
1227 4002 1257 4081 8,
1270 4004 1305 4069 9:

174 4107 223 4178 ¹ut
243 4106 343 4172 nullus
364 4125 455 4192 egens
476 4103 666 4186 reperiretur,
689 4103 740 4185 qui
755 4151 764 4170 .
780 4151 811 4168 ..
832 4102 946 4183 XXXI,
971 4104 1020 4182 13,
1046 4106 1100 4169 12:
1132 4105 1232 4170 nullus
1255 4105 1269 4170 f
1290 4141 1304 4154 -

187 4209 330 4294 gotorum
357 4209 405 4276 vel
426 4206 607 4275 areolarum.
