3194 5056
262 1343 325 1457 Ad
356 1392 515 1460 Ammiani
536 1394 714 1461 Marcellini
745 1413 850 1460 rerum
882 1393 1040 1475 gesturum
1071 1387 1168 1453 libros
1199 1391 1272 1472 post

163 1495 310 1580 Wagneri
341 1497 506 1563 editionem
539 1516 595 1580 per
619 1497 770 1563 nonnulla
801 1493 951 1561 deoennia
986 1492 1090 1557 minus
1122 1492 1271 1557 tractatos

160 1599 300 1664 virorum
323 1599 485 1666 dootorum
518 1618 623 1666 auram
649 1617 750 1683 nuper
776 1598 891 1664 redisse
913 1598 1091 1663 litterarum
1112 1594 1271 1660 Romana-

155 1719 227 1765 rum
249 1700 426 1772 stndioeum
445 1721 598 1784 quemque
620 1703 752 1786 gnudere
773 1719 897 1767 neeesse
924 1703 981 1765 eet.
1025 1697 1094 1763 Etsi
1114 1714 1177 1761 non
1199 1699 1273 1760 sunt

155 1803 265 1884 pauet,
299 1803 353 1884 qui
374 1802 412 1870 de
434 1804 605 1872 Ammiano
626 1805 705 1872 bene
726 1803 832 1870 meriti
854 1805 942 1880 sunt,
980 1801 1092 1868 ueteris
1113 1801 1272 1882 proestare

156 1905 235 1970 milri
260 1904 410 1971 videntur
421 1907 593 1975 Mauritius
614 1909 785 1993 Hauptius,
805 1905 963 1971 Martinus
984 1903 1142 1981 Hortalus,
1165 1901 1274 1968 Viotor

157 2007 421 2074 Gardthausenus.
464 2011 628 2093 Equibus
649 2010 702 2077 ille
728 2009 830 2094 (Indd.
852 2008 939 2072 leott.
962 2005 1077 2072 Beroll.
1102 2003 1193 2070 1868.
1218 2001 1272 2086 74)

157 2110 300 2176 oodioum
320 2111 439 2176 radone
461 2112 618 2198 explicate
638 2114 827 2196 optimarum
850 2107 1100 2174 emendationum
1122 2123 1277 2190 magnum-

157 2231 321 2278 numerum
343 2213 429 2279 foras
451 2215 549 2294 dedit,
583 2215 841 2283 Gardthausenus
862 2212 957 2277 totins
979 2209 1080 2295 operis
1102 2209 1270 2274 editionem

159 2332 272 2379 novam
294 2334 424 2398 eamque
446 2317 586 2384 oritioam
608 2315 745 2399 paravit,
768 2314 915 2381 Hertnius
943 2313 1062 2379 duobus
1082 2309 1200 2376 libellis
1233 2308 1271 2372 de

161 2417 246 2482 omni
268 2420 421 2485 eonibendi
442 2420 559 2487 ratione
581 2418 737 2485 Ammiani
768 2436 849 2484 nova
869 2417 971 2483 multo
998 2433 1035 2480 aa
1056 2412 1134 2478 mira
1155 2411 1271 2478 doonit.

157 2520 391 2587 Demonstravit
422 2522 505 2587 enim
525 2523 730 2588 Ammianum
763 2519 945 2587 eruditionis
970 2516 1173 2584 ostentandae
1201 2517 1232 2579 st
1256 2549 1272 2562 ·

157 2621 371 2688 diosissimum
404 2626 580 2706 permultos
612 2628 644 2690 et
673 2624 826 2708 pedestris
859 2620 1008 2688 orationis
1040 2622 1203 2686 auotorum
1241 2621 1272 2683 et

156 2727 320 2805 poetarum
341 2727 428 2791 looos
449 2725 614 2808 perlibros
636 2745 708 2791 suos
730 2725 922 2811 dispersisse,
944 2741 1002 2789 neo
1022 2726 1126 2789 tamen
1149 2739 1273 2803 semper

156 2825 399 2892 manifestos-
423 2826 503 2893 tules
529 2827 612 2902 enim
643 2828 707 2894 looi
728 2827 794 2911 J‘am
822 2831 914 2894 anteo
943 2824 1055 2892 avinis
1086 2825 1201 2902 deuiis,
1235 2826 1272 2887 nt

157 2927 304 3008 valesiis,
338 2928 577 3013 lindenbrogio,
613 2929 644 2996 J.
667 2927 835 3006 Gronovio,
858 2930 1026 3011 Wagnero‚
1059 2925 1271 3009 comprehensi

158 3034 246 3096 erant
266 3066 307 3077 -
330 3030 401 3110 sed,
433 3034 470 3095 ut
490 3031 611 3096 Hertnii
631 3030 732 3096 verbis
752 3034 839 3111 utar,
872 3049 988 3114 magna
1009 3049 1045 3095 en
1065 3031 1153 3112 parte
1175 3028 1271 3108 „arti-

156 3132 263 3198 fieiose
285 3134 332 3198 ita
350 3131 538 3209 reoonditos‚
560 3136 596 3198 ut
615 3132 639 3197 ii
660 3136 784 3198 tantum
806 3134 1051 3200 ostentationem
1071 3132 1162 3199 illam
1184 3151 1270 3198 asse-

157 3233 211 3314 qui
233 3237 371 3315 possent,
405 3234 461 3316 qui
482 3234 589 3300 eadem
611 3235 769 3300 doetrinae
794 3237 886 3320 oopiu
907 3235 1114 3317 leotionisqne
1132 3233 1271 3318 permul-

159 3336 257 3399 torum
279 3340 443 3401 anotorum
464 3339 602 3403 veterum
631 3337 773 3402 ubertate
795 3340 982 3422 pollerent“.
1026 3336 1113 3418 Quae
1141 3353 1211 3402 enm
1238 3337 1271 3400 in

159 3436 337 3503 universnm
359 3439 503 3522 exposuit
524 3442 593 3504 tum
613 3439 786 3506 aoonretiue
801 3442 885 3509 Gelli
899 3439 1119 3523 expilationem
1140 3439 1270 3503 demon·

156 3539 269 3604 stravit
289 3539 437 3605 Hertaius
459 3541 682 3608 oommentario
714 3561 805 3624 quern
829 3542 953 3625 sou’psit
981 3543 1018 3609 de
1040 3542 1145 3622 „Aulo
1167 3540 1269 3609 GelIIo

155 3643 187 3704 et
206 3639 375 3706 Ammiano
401 3641 607 3708 Mareotim*
635 3643 780 3729 (Hermes
801 3644 889 3722 VIII,
913 3644 1018 3716 1874).
1061 3645 1149 3711 Idem
1170 3643 1269 3710 disse-

153 3743 221 3807 ruit
242 3744 302 3822 „de
314 3742 476 3809 Ammiani
487 3744 665 3812 Mareellini
687 3748 800 3813 studim
811 3746 1032 3813 Sallustianis“
1054 3749 1137 3834 (Ind.
1160 3746 1269 3813 eoholl.
1398 3749 1403 3760 '

154 3845 297 3911 Vratisll.
323 3845 431 3928 1874).
474 3846 554 3912 Item
582 3850 771 3931 perscrutari
799 3849 936 3933 perrexit
955 3851 1048 3933 Hugo
1070 3848 1206 3915 Mioneel
1227 3848 1270 3913 li·

153 3947 241 4012 bello
269 3946 328 4025 „de
349 3947 512 4014 Ammiani
534 3950 714 4018 MareellIni
735 3951 849 4018 studiis
870 3951 1106 4019 Oioeronianis“
1141 3951 1269 4032 seripto.

154 4048 255 4131 (Dies.
276 4050 382 4135 inaug.
405 4049 533 4118 Vratisl.
558 4053 665 4138 1874.)

239 4149 356 4217 'lamen
381 4154 595 4237 quaestionem
617 4155 745 4221 minime
766 4155 936 4236 perdentem
967 4175 1034 4222 esse
1067 4172 1157 4220 nemo
1187 4155 1270 4220 oerte

154 4250 215 4316 erit
234 4253 309 4334 quin
328 4254 502 4342 intellegat,
526 4261 636 4325 oontra
657 4258 696 4323 ab
718 4258 786 4343 ipso
801 4259 928 4324 Hertaio
948 4258 1064 4342 (Aulus
1079 4257 1199 4326 Gellius
1211 4262 1269 4326 oet.

1059 4380 1074 4436 1
