3194 5056
693 374 735 440 33

154 601 209 668 por
229 601 345 648 momm
378 581 511 649 tristium
543 584 679 652 latebras
706 583 815 651 similis
838 582 948 650 Crassi.
991 578 1121 659 XXVII,
1144 577 1193 657 10,
1218 579 1273 643 13:

154 704 231 768 quos
254 733 260 748 .
285 733 322 751 ..
355 705 410 770 per
429 685 571 752 fremitus
596 686 729 754 territos.
775 687 824 760 11,
845 689 882 753 2:
917 683 1140 770 perornantes
1167 679 1274 747 noxius

153 786 336 860 simultates.

240 889 399 956 Praeterea
420 889 693 958 innumerabilibus
724 892 786 959 fere
817 892 893 959 locis
916 891 1011 977 „per“
1035 887 1204 966 modulum,
1237 886 1273 954 ut

153 992 198 1058 ita
221 991 337 1074 dicam,
368 993 461 1060 habet
483 993 561 1075 rim,
593 1014 648 1061 neo
671 995 775 1062 tamon
796 994 948 1080 discrepat
974 991 1158 1078 apulorum,
1181 1008 1272 1074 prae·

154 1093 263 1160 sertim
283 1093 350 1160 Liri
373 1095 404 1160 et
425 1095 525 1162 Taciti
548 1116 619 1181 usu,
646 1099 745 1165 velut:
778 1097 860 1179 XIV,
883 1098 933 1177 ll,
956 1097 990 1162 2:
1023 1117 1079 1182 per
1100 1093 1272 1162 sImnlatio·

155 1217 223 1261 nem
245 1197 396 1263 tractatus
417 1197 541 1281 publici.
584 1200 652 1279 XV,
675 1200 707 1284 2,
728 1201 763 1266 4:
787 1219 841 1285 per
863 1198 1031 1265 illecebras.
1075 1199 1161 1282 XXI,
1187 1199 1215 1280 1,
1239 1201 1276 1265 3:

158 1318 194 1365 ue
214 1318 268 1383 per
290 1297 443 1366 amicitias
464 1300 552 1367 fictas
572 1301 690 1368 insidiis
712 1302 871 1370 falleretur
892 1301 1028 1367 occultis.
1072 1302 1158 1383 XXI,
1175 1302 1225 1383 11,
1240 1302 1281 1367 2:

161 1419 210 1483 per
230 1399 363 1485 speeiem
384 1401 478 1488 (Iis.)
510 1405 728 1471 necessitatum
750 1403 930 1490 urgentium.
975 1402 1122 1487 XXVIII,
1153 1403 1184 1486 5,
1219 1404 1274 1471 15:

160 1522 211 1586 per
230 1503 310 1568 bauo
332 1504 524 1594 occasionem
546 1505 653 1589 (Iria).

245 1605 292 1670 Ao
309 1606 546 1690 praepositionis
568 1609 733 1693 „propter“
756 1608 1008 1694 significationem
1031 1606 1166 1692 proxIme
1188 1625 1277 1674 acce·

159 1705 204 1771 dIt
226 1707 322 1789 „per“
351 1707 421 1790 XV,
453 1711 541 1791 3,1:
574 1710 694 1778 vivendi
728 1731 828 1778 moras
860 1731 914 1796 per
941 1729 1101 1776 aerumnas
1128 1707 1272 1776 detestati

160 1807 353 1892 multiplices.
397 1809 559 1896 Utriusque
595 1814 831 1900 praepositionis
864 1813 926 1880 vim
949 1813 1100 1880 Graecum
1123 1809 1178 1877 διά
1200 1832 1274 1880 cou-

160 1908 255 1975 tinere
275 1910 405 1978 fumasse
428 1915 613 1981 mouendum
637 1917 694 1983 est.

244 2016 274 2081 2.
296 2014 403 2100 Prope.

244 2117 435 2201 Praepositio
459 2122 607 2203 „prope“,
640 2119 667 2185 si
690 2139 759 2186 oum
781 2121 956 2188 accusativo
974 2119 1082 2205 juncta
1114 2117 1276 2202 despatio

162 2218 282 2298 dicitur,
304 2220 480 2303 plerumque
502 2221 627 2303 statum,
650 2240 710 2287 non
730 2224 849 2289 motum
863 2221 1022 2308 significat.
1056 2220 1175 2299 Verbis,
1198 2239 1276 2302 quae

160 2323 262 2387 motus
284 2321 437 2388 notionem
457 2322 621 2402 continent,
644 2324 712 2389 tum
732 2324 823 2391 modo
845 2324 975 2405 additur,
997 2324 1024 2390 si
1044 2324 1279 2412 μεταφορικῶς

160 2424 197 2489 de
218 2423 417 2491 simililudino
448 2426 620 2509 usurpatur.
664 2427 713 2492 Ita
734 2425 801 2493 Liv.
823 2425 944 2507 XXVI,
980 2426 1032 2510 48,
1055 2426 1088 2491 8:
1126 2424 1278 2492 eontentio

160 2546 254 2609 quum
275 2546 372 2612 prope
392 2527 571 2596 seditionem
593 2527 716 2596 veniret.
762 2528 808 2596 CI.
831 2528 966 2616 Zumptii
987 2547 1032 2615 gr.
1055 2527 1162 2612 6302,
1182 2527 1270 2594 Han·

160 2627 202 2693 dii
224 2627 311 2694 Turs.
334 2647 358 2694 s.
383 2651 407 2696 v.
450 2631 565 2696 Tamen
586 2630 669 2716 apud
687 2630 808 2697 Livium
829 2631 982 2699 nonnullis
1013 2629 1090 2699 locis
1113 2647 1276 2715 compara·

159 2731 241 2797 tivus
264 2730 429 2814 „propius“
452 2737 484 2799 et
505 2733 679 2800 accusativo
701 2736 742 2800 ‘et
763 2734 854 2801 verbo
875 2736 995 2800 motum
1017 2732 1201 2819 significanti
1223 2731 1279 2800 ud·

159 2854 252 2901 nexus
273 2836 401 2922 legitur,
434 2837 468 2902 ut
488 2833 611 2914 XXIII,
632 2836 684 2920 26,
707 2839 741 2903 3:
764 2837 864 2903 castro
884 2835 1009 2921 propius
1030 2836 1149 2902 hostem
1171 2833 1278 2900 morit.

159 2937 274 3021 XXIV,
296 2939 348 3018 41,
370 2939 400 3004 4.
443 2937 543 3004 Multo
575 2937 697 3022 saepius
731 2936 905 3004 adverbium
926 2941 1063 3023 „propo“
1096 2957 1166 3005 cum
1186 2955 1276 3022 prae-

159 3040 309 3124 positione
342 3040 423 3122 „ad“
456 3040 655 3124 conjunctum
686 3042 743 3106 est.
767 3077 805 3086 —
829 3039 942 3106 (Ionlra
974 3040 1057 3123 apud
1078 3038 1276 3106 Ammianum

159 3142 210 3209 ills
237 3161 311 3208 usus
333 3141 533 3209 creberrimus
565 3146 627 3224 est,
660 3141 741 3225 quod
771 3142 848 3209 haec
879 3140 1084 3208 demonstrent
1120 3141 1275 3225 exempla:

159 3247 243 3330 XIV,
264 3250 284 3311 2
291 3297 300 3330 ,
325 3249 378 3312 11:
414 3265 522 3313 venero
557 3263 651 3329 prope
686 3242 843 3328 oppidum.
886 3243 978 3324 XVI,
1012 3243 1061 3323 12,
1092 3244 1146 3308 19;
1183 3261 1277 3326 prope

160 3350 271 3416 collem
306 3347 436 3416 advenit.
497 3347 596 3427 XXV,
618 3347 650 3430 6,
673 3347 707 3412 I:
738 3363 834 3431 prope
865 3343 1095 3412 tabemuculnm
1128 3343 1276 3410 advenire.

159 3451 272 3536 XVIII,
295 3453 325 3532 6,
345 3453 379 3516 4;
401 3447 506 3537 ¹prope
527 3449 651 3535 Leptim
673 3448 822 3516 accedero.
867 3446 1015 3515 Similiter
1036 3444 1121 3529 XVI,
1147 3447 1197 3525 12,
1219 3443 1276 3521 27;

159 3553 262 3635 XVII,
286 3556 314 3638 1,
338 3554 374 3632 83
397 3552 513 3632 XVIII,
536 3554 566 3635 2,
588 3551 623 3629 8;
644 3551 714 3633 ΧΧ,
738 3552 767 3633 I,
788 3552 826 3630 2;
848 3551 933 3631 XXI,
956 3551 987 3631 3,
1007 3551 1042 3628 33
1064 3546 1177 3626 XXIV,
1202 3546 1230 3630 1,
1245 3548 1276 3611 5.

242 3657 272 3722 3.
295 3657 351 3721 Ex.

243 3760 287 3824 le
309 3779 379 3825 curn
401 3755 534 3824 ablativo
547 3753 687 3822 vocabuli
709 3753 924 3838 magistratum
948 3753 1081 3837 aliquem
1102 3747 1278 3835 significan·
1331 3745 1333 3749 ’

158 3855 570 3945 tiscoijunotumsignifioat
585 3878 664 3939 eum,
691 3858 742 3941 qui
765 3857 866 3941 aliquo
888 3876 1010 3923 munere
1033 3853 1109 3922 abiit
1130 3854 1184 3918 aut
1204 3870 1274 3935 per-

158 3960 282 4028 functus
305 3963 371 4044 este
402 3962 455 4045 qui
475 3979 550 4028 usus
571 3958 851 4027 recentissImorum
881 3963 1040 4029 auctorum
1070 3956 1116 4022 est
1137 3952 1277 4039 proprius

159 4061 212 4149 (cf.
233 4064 335 4130 Hand.
358 4066 443 4132 Tuus.
465 4065 507 4149 II,
539 4061 625 4147 650).
668 4060 832 4128 Ammiano
864 4065 924 4130 hoc
956 4065 1004 4130 est
1034 4055 1278 4126 usitatIssimum.

159 4165 242 4248 XIV,
266 4167 294 4247 I,
318 4168 352 4236 7:
385 4166 567 4236 SoreuImms
589 4164 733 4231 exduce.
780 4164 830 4248 10,
852 4167 888 4232 2:
921 4160 1122 4245 Hermogenis
1154 4178 1190 4225 ex
1210 4179 1279 4226 ma-

159 4269 255 4353 gistro
278 4271 412 4353 equitum
435 4269 527 4336 filius.
570 4267 652 4352 XIX,
676 4267 725 4349 12,
748 4267 783 4333 9:
818 4267 994 4353 Simplicius
1016 4287 1051 4332 ex
1072 4261 1226 4352 praefecto
1249 4263 1280 4328 st

1061 4384 1079 4439 3
