3194 5056
710 409 734 472 3

172 598 452 681 praestantissimos
485 585 686 664 dresserum
708 601 865 680 gestarum
887 599 1057 680 scriptores
1083 601 1206 683 praeter
1226 617 1278 665 ee·

173 704 254 765 teros
273 699 442 766 imitandos
474 699 532 765 sibi
557 704 779 784 proposuerat,
813 702 927 782 quippe
961 702 1014 782 qui
1039 701 1169 767 alterius
1191 720 1279 784 opus,

175 802 268 867 Taciti
288 801 438 867 historias
470 801 540 866 dico
561 820 661 882 usqne
683 803 722 868 acl
743 803 919 869 Domitiani
940 823 1100 869 excessum
1122 803 1280 881 deductas,

172 903 208 967 ab
241 905 347 970 codem
383 907 522 987 tempore
559 904 768 971 continuaret.
821 905 950 970 Praeter
980 903 1038 971 hos
1074 905 1280 970 Ammianum

170 1005 289 1071 maximi
310 1004 457 1071 babuisse
478 1007 511 1070 et
530 1004 738 1074 aemulatione
761 1006 980 1091 dignissimum
995 1007 1156 1089 putavisse
1171 1011 1279 1073 notum

168 1109 214 1172 est
237 1106 427 1174 Ciceronem.
1177 1138 1178 1142 ¹

248 1208 311 1290 Qui
333 1211 441 1276 tamen
463 1210 582 1276 iactum
606 1213 656 1289 sit,
682 1213 720 1275 ut
731 1210 892 1276 Ammiani
906 1212 1046 1295 syntaxis
1060 1213 1173 1278 multis
1187 1211 1280 1276 rebus

166 1331 185 1376 a
205 1312 346 1394 priorum
369 1315 544 1395 temporum
565 1332 625 1378 usu
644 1312 810 1396 discrepet,
833 1312 907 1395 quin
929 1313 1024 1379 etiam
1046 1297 1166 1400 legibus
1188 1317 1283 1379 antea

169 1412 407 1496 diligentissime
429 1415 602 1480 observatis
623 1420 791 1498 repugnet,
822 1435 885 1480 non
919 1414 1046 1481 difficile
1077 1415 1280 1499 intellegitur.
1417 1485 1420 1492 ,

168 1515 305 1580 Primum
328 1516 412 1581 enim
434 1515 624 1582 Ammianus
656 1536 720 1582 non
753 1519 859 1600 patria
887 1537 961 1582 usus
989 1520 1037 1582 est
1058 1509 1183 1600 lingua,
1216 1517 1280 1594 seo,

164 1635 258 1699 quum
283 1618 412 1685 natione
435 1619 674 1699 essetGraecus,
698 1623 731 1686 et
750 1637 802 1685 eas
823 1619 956 1685 libenter
977 1617 1121 1684 adhibuit
1143 1623 1282 1685 structu-

162 1736 220 1798 ras,
255 1737 336 1802 quoe
357 1719 480 1802 utrique
500 1721 626 1806 linguae
652 1725 724 1788 sunt
747 1740 938 1802 communes,
971 1739 1071 1805 neque
1093 1721 1282 1787 Graeciamis

162 1821 320 1888 abstinere
334 1824 450 1905 potuit.
494 1824 676 1908 Aequitas
698 1825 732 1889 in
753 1825 847 1890 rebus
868 1824 1027 1907 scriptoris
1050 1823 1222 1888 orationem
1244 1842 1280 1887 ex

162 1921 283 1989 Graeco
305 1941 366 1988 usu
388 1925 521 2009 pendere
539 1926 752 2004 aestimemus,
781 1945 852 1993 cum
874 1947 910 1992 ex
931 1925 1111 2008 quaestione
1133 1925 1201 2007 ipsa
1221 1943 1280 2006 ap-

160 2026 294 2108 parebit,
317 2029 386 2090 tum
407 2027 534 2111 singula
548 2033 683 2095 extremo
699 2027 925 2094 commentario
948 2027 1081 2094 collecta
1102 2027 1280 2093 afferentur.

243 2129 319 2193 Huc
334 2127 464 2208 accedit,
486 2129 568 2212 quod
577 2129 771 2209 Ammianus,
794 2151 867 2197 cum
890 2131 1076 2214 permultos
1097 2147 1196 2194 annos
1218 2129 1280 2193 rni-

157 2229 327 2309 litarisset,
351 2231 529 2314 priusquam
551 2233 592 2297 ad
614 2252 663 2298 res
685 2237 789 2318 gestas
810 2231 1030 2300 describendas
1051 2231 1278 2313 aggrederetur,

155 2349 191 2395 en
213 2331 372 2398 castrensi
403 2334 434 2397 et
456 2331 578 2415 plebeio
602 2335 723 2400 dicendi
743 2355 856 2418 genere
878 2335 1031 2401 nonnulla
1058 2333 1090 2398 in
1113 2331 1279 2398 dictionem

154 2451 254 2500 suam
275 2434 401 2517 recepit.
445 2434 486 2516 (v.
507 2435 613 2514 Hertz,
636 2436 674 2501 A.
698 2436 820 2504 Gellius
842 2441 897 2504 cet.
920 2457 950 2521 p.
973 2431 1061 2516 264.)

249 2535 310 2602 Sed
332 2536 370 2602 ad
392 2536 554 2603 Ammiani
575 2538 784 2606 elocutionem
806 2539 1005 2606 excolendam
1032 2538 1104 2623 plus
1128 2538 1281 2603 momenti

156 2643 354 2722 temporum,
369 2655 465 2720 quam
480 2637 638 2721 scriptoris
653 2640 753 2723 ipsius
769 2642 981 2709 condicionem
997 2642 1143 2707 attulisse
1159 2659 1279 2706 censeo.

155 2742 242 2808 Gom
276 2740 357 2805 enim
388 2740 447 2806 illa
478 2743 595 2818 aetate,
629 2743 666 2806 ut
689 2740 876 2810 Ammianus
904 2745 972 2828 ipse
995 2744 1123 2826 saepius
1145 2741 1281 2809 affirmat

60 2893 65 2902 .
157 2844 211 2926 (cl.
235 2841 441 2921 xxviiii,
467 2843 524 2920 14;
557 2844 802 2927 xxx,4,1r),
836 2845 1011 2912 litterarum
1033 2845 1172 2911 studium
1194 2847 1279 2908 vete·

157 2963 294 3028 rumque
317 2945 502 3027 scriptorum
525 2945 620 3011 lectio
643 2949 846 3027 corruissent,
880 2948 1004 3032 plebej0
1025 2964 1137 3032 genere
1159 2944 1279 3012 dicendi

158 3066 219 3114 nec
238 3064 305 3113 non
319 3045 493 3130 multiplici
502 3047 716 3116 Romancmm
739 3069 809 3116 cum
825 3050 957 3117 externis
971 3051 1117 3134 gentibus
1131 3047 1278 3112 mixtione

158 3151 265 3216 omnis
290 3163 391 3215 sermo
413 3148 547 3215 Latinus
569 3155 732 3233 corruptus
754 3156 820 3217 erat
841 3156 873 3218 et
893 3153 1088 3234 depravatus.
1117 3151 1220 3233 Atque
1243 3154 1279 3216 ut

156 3251 324 3318 Ammiani
344 3253 445 3319 oratio
467 3272 487 3319 a
507 3253 646 3336 priorum
667 3255 846 3336 temporum
870 3253 1025 3338 elegantia
1045 3253 1138 3334 longe
1160 3251 1279 3318 discre-

157 3359 225 3438 pet,
250 3357 311 3418 non
326 3354 581 3439 perscriptorem
597 3359 689 3436 stare,
713 3355 766 3420 sed
788 3359 941 3438 temporis
959 3354 1035 3420 vitio
1058 3356 1176 3422 lactum
1200 3373 1277 3432 esse,

157 3475 196 3522 ea
220 3473 254 3518 re
276 3455 516 3534 demonstratur,
541 3457 633 3539 quod,
654 3459 692 3522 ut
712 3477 749 3522 ex
758 3456 868 3522 Libani
889 3456 1024 3540 epistula
1046 3456 1151 3538 (ined.
1164 3454 1277 3522 Gardt·

157 3558 308 3622 hauseni:
330 3556 430 3622 Praei.
454 3557 572 3623 Valesii
595 3555 690 3641 VIII)
722 3559 947 3642 comperimus,
981 3557 1077 3623 libros
1099 3575 1171 3623 suos
1193 3577 1277 3624 cum

159 3677 314 3724 summa
336 3661 505 3725 omnium
526 3660 640 3726 laude
661 3662 779 3727 Romae
800 3660 950 3727 recitarit.
