3194 5056
691 415 730 479 17

150 605 308 672 abstracto
329 623 391 670 non
414 607 561 686 utuntur,
583 606 644 672 nist
666 606 880 674 attributivam
901 608 1061 675 notionem
1083 627 1139 692 per
1161 629 1192 674 se
1214 609 1264 674 11-

150 709 255 791 tellegi
277 711 310 773 et
331 707 432 788 majus
455 708 547 788 quasi
569 709 692 790 pondus
713 710 826 776 habere
849 711 968 776 volunt.
1013 710 1101 791 Quod
1122 711 1171 776 his
1193 731 1264 794 per-

150 810 300 892 spiciatur
335 809 492 891 exemplis.
535 809 598 875 Cic.
621 811 658 874 de
680 830 723 876 or.
747 811 810 882 III,
844 812 901 877 35:
938 812 1122 880 Aristoteles
1158 815 1266 879 florere

151 912 319 977 Isocratem
340 910 505 976 nobilitate
528 912 754 996 discipulorum
775 913 908 980 videbat.
952 915 1015 981 (iic.
1039 916 1106 980 Div.
1128 916 1176 993 II,
1211 917 1265 980 121

154 1013 328 1097 superstitio
344 1013 508 1078 hominum
521 1014 770 1083 Imbecillitatem
785 1018 956 1100 occupavit.
1000 1017 1063 1084 (iic.
1088 1037 1118 1100 p.
1135 1018 1213 1084 Rab.
1230 1019 1263 1084 3:

151 1137 211 1182 non
234 1115 403 1182 acerbitate
430 1116 670 1198 suppliciorum,
705 1119 758 1186 sed
790 1121 919 1185 lenitate
950 1119 1056 1203 legum
1088 1119 1265 1186 libertatem

150 1221 282 1284 vestram
304 1218 461 1283 munitam
483 1238 549 1284 esse
569 1220 742 1286 voluerunt.
772 1257 810 1268 -
832 1221 1012 1287 Ammianei
1035 1239 1111 1286 usus
1130 1221 1197 1305 jam
1219 1223 1264 1287 si·

152 1320 253 1384 mitius
291 1321 339 1384 est
359 1320 419 1386 boc
440 1321 510 1386 Livi
531 1323 722 1405 exemplum:
753 1322 866 1402 XXIV,
890 1323 927 1388 5:
958 1324 1016 1388 Vix
1047 1324 1175 1405 quidem
1206 1325 1264 1389 ulli

155 1423 217 1505 regi
245 1421 348 1488 facilis
381 1426 448 1488 erat
477 1423 566 1490 favor
598 1423 680 1506 apud
702 1423 912 1507 Syracusanos
947 1425 1126 1491 succedenti
1158 1428 1264 1491 tantae

156 1526 272 1590 mutati
293 1525 448 1592 Hieronis.

231 1631 306 1699 Jurn
328 1628 511 1696 Ammianea
543 1628 683 1712 exempla
715 1631 887 1696 secundum
920 1630 1118 1698 formationis
1151 1649 1266 1714 genera

150 1733 299 1817 disposita
323 1731 460 1798 afferam.

311 1834 344 1916 1)
368 1832 572 1899 Substantiva
593 1833 625 1897 in
645 1832 702 1903 tas
724 1837 882 1903 exeuntia:

147 1939 313 2008 acerbitas.
356 1934 440 2012 XIV,
463 1935 493 2013 6,
516 1934 571 1998 23:
604 1937 689 2017 apud
723 1957 777 2004 eos
793 1989 800 2004 .
818 1989 851 2004 ..
880 1941 1060 2006 morborum
1081 1939 1267 2006 acerbitates

234 2039 349 2107 celsius
373 2036 580 2102 dominantur.

147 2146 310 2232 asperitas.
355 2138 438 2216 XVI,
462 2138 490 2216 V,
516 2139 570 2203 10:
602 2138 701 2207 filiam
733 2143 858 2208 nomine
887 2146 1094 2228 Drypetinam
1123 2151 1267 2212 vexatam

234 2245 404 2328 asperitate
425 2238 615 2306 morborum.
659 2241 757 2322 XXV,
779 2246 809 2323 3,
834 2247 881 2310 19.

147 2349 326 2418 assiduitas.
367 2342 486 2422 XXVI,
512 2345 540 2424 1,
565 2344 598 2408 V:
622 2366 693 2412 cum
715 2348 852 2414 venisset
872 2346 1052 2414 accitus...
1076 2348 1265 2414 somniorum
1381 2405 1383 2409 ,

233 2450 427 2516 assiduitate.

148 2553 330 2624 auctoritas.
372 2551 505 2631 XXVII,
516 2551 596 2634 4,2:
618 2553 653 2616 ut
673 2552 802 2618 Homeri
823 2552 966 2636 perennis
981 2554 1151 2620 auctoritas
1167 2554 1264 2620 docet.

148 2659 288 2725 castitas.
331 2652 447 2732 XXXI,
460 2653 488 2732 8,
506 2653 541 2718 8:
564 2657 636 2736 post
657 2673 736 2736 qnae
758 2656 866 2723 adulta
887 2655 1054 2737 virginitas
1076 2658 1266 2740 castitasque

234 2761 401 2843 nuptarum
423 2773 475 2820 ore
497 2756 623 2822 adsecto
644 2755 721 2822 fiens
742 2759 856 2825 ultima
877 2759 1054 2827 ducebatur.

148 2863 306 2930 crebritas.
349 2858 434 2940 XIV,
452 2859 501 2936 11,
516 2860 573 2923 201
596 2856 619 2940 (.
636 2908 642 2922 .
660 2857 683 2943 .)
701 2858 826 2940 jurandi
840 2859 998 2926 crebritas.
1042 2861 1125 2940 XVI,
1146 2863 1193 2940 12,
1208 2862 1265 2938 43;

233 2963 320 3041 XXI,
343 2961 372 3040 5,
395 2961 429 3038 5;
452 2959 568 3040 XXXI,
593 2962 642 3038 11,
667 2960 694 3024 1.
754 2977 758 2984 ’

148 3068 298 3132 densitas.
320 3062 435 3143 XVIII,
472 3062 502 3145 8,
536 3063 569 3126 9:
607 3080 777 3129 cuneorum
800 3062 951 3129 densitate
973 3065 1136 3149 perterriti.
1180 3064 1264 3144 XIX,

235 3169 265 3246 2,
290 3167 345 3242 13;
367 3163 454 3243 XXI,
478 3164 527 3242 12,
552 3163 727 3244 18;.XXX,
751 3166 781 3241 9,
804 3165 834 3230 2.
931 3213 933 3218 -

149 3271 322 3337 diversitas.
365 3266 452 3345 XIV,
475 3264 504 3345 6,
526 3266 582 3331 22:
616 3286 675 3332 nec
707 3266 791 3332 credi
824 3267 927 3347 potest
959 3284 1020 3348 qua
1045 3269 1264 3352 dbsequiorum

235 3370 412 3438 diversitate
436 3369 582 3434 coluntur
603 3368 745 3435 homines
767 3367 834 3434 sine
855 3367 962 3433 liberis
985 3369 1111 3436 Romae.
1150 3372 1265 3455 XXIV,

239 3473 285 3553 15,
308 3474 343 3550 93
366 3470 464 3549 XXV,
487 3471 517 3549 6,
539 3471 573 3548 6,
596 3469 711 3554 XXVI,
734 3474 783 3552 to,
809 3472 858 3538 12.

146 3575 289 3642 firmitas.
333 3570 418 3650 XIV,
440 3571 470 3650 8,
495 3572 548 3636 13:
571 3592 733 3642 murorum
754 3573 896 3639 firmitas.

148 3678 290 3744 foeditas
334 3675 449 3754 XVIII,
470 3675 501 3756 4,
524 3677 558 3741 3:
582 3675 765 3744 adsentandi
785 3675 883 3740 nimia
904 3673 1046 3742 foeditas.

149 3779 290 3844 inanitas.
333 3775 447 3859 XXVI,
470 3777 500 3856 2,
522 3779 560 3842 21
582 3781 726 3844 votorum
747 3778 893 3843 inanitas.

151 3880 309 3946 infimitas.
353 3880 452 3964 XVII,
476 3880 524 3959 13,
549 3881 605 3946 12:
627 3881 666 3946 ad
688 3880 884 3945 infimitatem
908 3881 1129 3962 obsequiorum
1152 3899 1264 3948 venere

234 3981 401 4049 servilium.

151 4083 293 4149 infinitas.
337 4083 405 4163 XV,
430 4085 458 4164 1,
480 4085 515 4149 4:
538 4083 730 4148 mundorum
751 4081 933 4149 infinitates.
1205 4153 1207 4158 ,

150 4187 305 4252 nimietas
348 4185 456 4266 XXII,
502 4185 550 4265 15,
588 4187 641 4250 13:
686 4185 844 4268 gurgItnm
887 4186 1050 4251 nimietate
1093 4189 1264 4253 umectans.

235 4289 333 4370 XXX,
356 4289 386 4370 6,
408 4287 439 4353 5.

1053 4410 1069 4464 2
