3194 5056
875 385 896 448 6

325 575 438 640 vineae
460 574 569 657 ragina
592 621 600 638 .
624 619 632 638 .
655 621 663 638 .
687 573 897 640 insidiabatur.
947 573 1032 650 XVI,
1058 574 1105 650 11,
1128 574 1165 638 3:
1187 573 1316 657 forolpis
1338 573 1440 655 specle

324 676 406 743 trusi
427 677 460 742 in
481 674 651 756 angustias.
695 675 811 753 XXXI,
833 675 862 754 5,
887 675 922 740 V:
947 673 1154 740 humanitatis
1176 675 1287 758 sperio.
1321 673 1439 752 XXXI,

327 780 376 856 10,
398 778 456 843 al:
478 776 609 842 feroniae
630 777 743 860 speeie.

409 878 510 945 Verbo
541 878 687 962 „spooie“
708 877 893 945 Ammianus
919 878 1003 943 idem
1033 879 1199 962 signifieat,
1229 879 1312 960 quod
1332 877 1441 942 Livias

326 979 428 1047 verbis
456 998 532 1065 „per
552 979 721 1063 speoiam“,
748 984 783 1045 ut
803 978 951 1058 XXXIX,
974 980 1032 1046 35:
1074 999 1130 1064 per
1165 979 1301 1064 spooIem
1334 978 1442 1044 auxilii

325 1081 485 1166 Byzantiis
507 1081 636 1147 ferendi.
659 1081 742 1160 „Per
755 1081 994 1166 speeiem‘ipso
1007 1101 1130 1164 quoque
1143 1080 1331 1147 Ammianus
1347 1100 1441 1164 saepe

325 1186 460 1253 adhibet.

411 1287 587 1353 Nonnullis
622 1284 694 1350 aliis
726 1284 804 1351 loeis
832 1284 990 1352 ablativus
1017 1287 1101 1352 modi
1129 1284 1290 1352 attributis
1318 1285 1442 1366 quidem

327 1388 523 1473 eonjunetus,
547 1387 602 1454 sed
616 1390 724 1452 tamen
744 1387 906 1474 liborrIme
921 1405 977 1473 pro
988 1388 1222 1473 praepositione
1235 1389 1287 1452 vol
1302 1386 1442 1469 plurium

327 1491 492 1556 vorborum
516 1487 648 1554 oirouitu
670 1488 792 1571 positus
812 1491 870 1554 ost.

412 1591 531 1669 XVIII,
563 1591 594 1669 3,
628 1591 664 1654 1:
702 1590 875 1657 oonsulouti
911 1590 1075 1661 discrimen
1111 1611 1261 1675 magnum
1297 1590 1442 1675 portendi

328 1712 515 1778 responsum
537 1697 594 1771 est,
617 1689 796 1773 aoujeatura
817 1691 967 1758 videlieet
989 1695 1054 1772 tali,
1077 1695 1159 1776 quod
1176 1744 1183 1760 .
1200 1743 1229 1758 ..
1253 1692 1342 1770 XIX,
1358 1693 1389 1772 2,
1405 1692 1441 1756 4;

329 1795 438 1862 salutis
459 1798 528 1860 rata
550 1793 763 1884 desperatione
786 1791 938 1876 gloriosos
970 1796 1053 1861 vltae
1082 1796 1186 1862 enims
1212 1795 1323 1861 deinde
1351 1813 1442 1860 eura-

328 1898 447 1964 bamus.
489 1897 576 1974 XIX,
597 1897 626 1976 8,
650 1897 686 1961 8:
709 1915 763 1980 per
784 1898 905 1961 aestum
928 1895 1014 1960 arida
1035 1897 1089 1964 siti
1110 1901 1276 1981 reptantes.
1307 1896 1441 1971 XXVII,

330 2002 378 2077 10,
413 1999 469 2064 14:
506 1998 581 2062 dum
612 2001 790 2064 turmarum
824 1995 986 2064 lunaribus
1015 2000 1134 2066 mutuis
1163 2019 1214 2066 res
1246 2001 1442 2084 gerebantur.

327 2101 428 2180 XXX,
450 2102 480 2179 4,
506 2102 539 2165 l:
561 2103 593 2166 ai
615 2098 650 2165 iu
671 2099 747 2165 Eois
769 2097 911 2183 partibus
931 2099 995 2166 alto
1017 2105 1218 2169 externorum
1241 2102 1367 2168 silentio
1389 2103 1444 2168 in·

327 2204 445 2272 teatina
464 2200 617 2286 pernities
638 2200 821 2284 augebatur.

407 2305 452 2372 Ut
468 2305 536 2388 jam
557 2303 672 2370 Caesar
697 2304 859 2370 nonnullis
887 2304 974 2383 loeis,
1004 2306 1125 2387 saepius
1155 2307 1274 2388 Livius,
1302 2307 1442 2386 Iaaitus,

324 2410 379 2476 alii
412 2411 574 2492 poetarum
606 2425 699 2471 usum
733 2409 908 2488 sequenter,
941 2406 986 2472 iia
1018 2407 1209 2476 Ammianus
1242 2411 1308 2475 solo
1343 2409 1442 2474 utitur

325 2511 462 2578 ablativo
480 2509 614 2575 looativo
637 2507 744 2590 (quern
765 2506 959 2574 Kihuastius
981 2508 1253 2576 instrumentalem
1277 2511 1363 2576 duait
1377 2511 1398 2575 l.
1413 2531 1440 2576 o.

325 2633 354 2697 p.
378 2612 452 2690 174)
483 2629 538 2694 pro
566 2608 796 2694 praeposIIIone
825 2610 911 2687 „in“,
944 2611 999 2674 sed
1025 2612 1206 2695 plerumque
1232 2613 1317 2696 apud
1348 2615 1440 2679 verba
1571 2643 1572 2698 l

325 2735 399 2782 oum
422 2715 571 2794 „sistere“
594 2716 626 2778 et
648 2711 796 2789 „sedore“
820 2712 1002 2794 oomposita.
1045 2713 1135 2780 Coni.
1159 2716 1224 2780 Liv.
1247 2715 1274 2788 I,
1288 2715 1345 2781 41:
1368 2715 1439 2781 sede
1571 2705 1572 2736 Τ

324 2817 411 2902 regia
431 2815 551 2881 sedens.
574 2814 661 2894 XXI,
683 2813 740 2878 32:
763 2814 865 2896 iisque
887 2814 966 2897 ipsIs
987 2817 1118 2882 tumulis
1142 2865 1149 2881 .
1173 2865 1180 2880 .
1204 2866 1212 2883 .
1235 2818 1383 2884 oousedit.
1399 2853 1439 2864 -
1571 2887 1572 2890 ,

325 2921 372 2986 Er
394 2920 474 2985 loeis
488 2917 686 2984 Ammiauois
709 2915 849 2998 exemplo
871 2914 933 2980 siut
954 2916 1006 2982 hi:
1035 2918 1121 2996 XIV,
1139 2921 1188 2999 10,
1208 2922 1261 2986 10:
1292 2921 1441 2988 tribunali

326 3021 490 3092 adsistens.
512 3021 598 3099 XXI,
620 3021 651 3098 5,
675 3020 709 3084 1:
732 3035 822 3084 saxeo
844 3021 993 3101 suggestu
1015 3019 1173 3086 insistens.
1216 3021 1333 3101 XXIV,
1357 3023 1387 3102 3,
1403 3025 1438 3088 3:

326 3124 504 3188 oonsbuoto
527 3121 674 3188 tribunali
697 3122 858 3188 insistens.
901 3121 1020 3199 XXXI,
1046 3124 1094 3201 10,
1123 3124 1174 3187 12:
1197 3123 1340 3206 abruptis
1370 3173 1377 3188 .
1401 3173 1438 3190 ..

324 3223 454 3306 rupibus
475 3223 665 3295 insistentes.
699 3223 784 3302 XIV,
808 3224 836 3302 I,
858 3224 895 3290 4:
918 3224 1056 3289 insidens
1078 3224 1230 3290 vebioulo.
1253 3226 1339 3303 XIX,
1357 3228 1386 3307 1,
1401 3228 1437 3291 3:

325 3326 465 3392 insidens
487 3344 577 3408 equo.
620 3325 707 3403 XIX,
730 3325 761 3403 8,
790 3325 808 3389 7
816 3349 824 3390 :
861 3325 968 3409 fugavi
989 3344 1069 3408 equo
1091 3326 1212 3390 sedens.
1318 3329 1438 3406 XVIII,

324 3427 757 3510 eleemosinarum
784 3431 898 3494 turma
943 3427 1027 3505 XIV,
1051 3427 1081 3504 2,
1107 3428 1162 3492 12:
1196 3429 1340 3497 resistere
1368 3431 1437 3512 pla·

323 3529 399 3597 uitio
424 3533 576 3614 porrecta.
627 3529 713 3607 XIX,
735 3528 765 3607 5,
804 3530 835 3594 1:
863 3529 996 3614 lastigiIs
1023 3528 1168 3596 ballistae
1201 3531 1321 3598 looatao
1351 3534 1435 3602 suut3

325 3652 386 3716 quo
409 3634 478 3700 loeo
501 3631 532 3698 0.
555 3632 588 3699 Il.
611 3632 662 3696 W.
686 3631 862 3698 munerum
885 3631 962 3712 „in“
986 3649 1046 3699 uon
1068 3635 1151 3699 reete
1174 3638 1248 3717 puto
1271 3634 1392 3699 addere.

409 3737 438 3800 2.
461 3736 508 3800 Do
528 3734 688 3818 genetivo.

409 3838 445 3905 Iu
465 3837 669 3904 relativorum
697 3852 776 3918 quae
798 3835 944 3902 diouutur
975 3835 1199 3918 adjectivorum
1222 3854 1290 3909 usu,
1324 3834 1437 3916 quibus

323 3939 486 4022 genetivus
514 3937 700 4016 adneerirur,
728 3936 912 4003 Ammianus
941 3956 994 4002 eos
1029 3943 1171 4004 auotores
1198 3934 1348 4016 sequitur,
1385 3935 1438 4018 qui

243 4047 246 4052 '
323 4041 498 4108 seeundum
530 4045 693 4123 poetarum
716 4040 886 4106 orationem
919 4039 952 4104 iu
973 4041 1035 4105 hoo
1056 4059 1115 4104 usu
1149 4037 1328 4104 licentiores
1361 4040 1438 4104 sunt

323 4147 356 4210 et
375 4142 407 4208 iu
429 4143 579 4228 majorem
600 4140 825 4225 adieetivorum
846 4161 1013 4208 numerum
1035 4159 1105 4204 eum
1127 4139 1328 4206 transierunt.
1371 4141 1438 4206 Nee

323 4249 430 4310 tamen
459 4244 603 4312 Taoitum
629 4243 821 4326 aequiperat,
850 4264 943 4326 quem
971 4244 1056 4308 huno
1081 4259 1172 4306 usum
1201 4242 1355 4310 latissime
1382 4264 1436 4322 eur
