3194 5056
704 417 707 422 ’
720 407 742 474 d

266 596 302 660 1.
322 597 464 682 Draeger,
497 596 682 665 historisehe
704 596 820 680 Syntax
843 599 897 664 der
917 598 1120 666 lateinisohen
1141 597 1287 682 Spraehe.

335 699 461 784 Leipzig
485 700 660 767 1874-76.

186 800 262 864 Hoe
288 800 410 883 quidem
438 821 517 887 opus
550 801 715 868 nonnullis
746 803 782 867 in
818 800 910 868 rebus
942 800 1017 866 viris
1051 800 1155 868 doetis
1182 801 1287 868 minus

185 900 343 983 probatum
364 906 423 982 ost,
449 903 503 970 sod
525 905 559 970 iu
580 904 757 970 universum
790 904 825 970 iu
847 903 1030 987 syntaetiols
1050 904 1143 969 rebus
1164 922 1287 971 summo

181 1006 225 1067 eet
254 1005 325 1070 usui
356 1025 414 1073 neo
436 1008 524 1072 nllus
552 1006 635 1073 alius
660 1005 739 1071 liber
764 1006 796 1070 iu
825 1005 913 1071 illius
949 1008 1054 1072 loonm
1079 1009 1186 1090 potest
1210 1009 1286 1072 aub-

178 1104 272 1172 etitui.
315 1108 425 1174 Nostri
454 1109 582 1191 quidem
608 1108 747 1175 auetoris
775 1109 972 1192 aDraegero
1000 1107 1215 1174 rationabile
1239 1111 1288 1174 est

176 1206 235 1272 lere
255 1209 353 1276 nulla.

255 1310 361 1391 Quum
383 1311 474 1379 nobis
495 1311 691 1397 propositum
723 1311 767 1376 sit
797 1313 898 1378 totam
924 1309 1088 1378 materiam
1112 1314 1287 1379 seeundum

177 1411 307 1492 partium
330 1415 480 1481 orationis
502 1413 640 1481 ordinem
663 1413 838 1497 disponere,
860 1413 996 1497 primum
1023 1415 1285 1484 8881881888-

177 1515 236 1579 turi
255 1515 449 1584 disseremus

617 1671 660 1754 de
688 1669 843 1754 nasibus.

254 1833 282 1894 1.
307 1831 355 1894 De
377 1830 524 1897 ablativo.

253 1932 295 1996 18
316 1933 454 2016 optimae
475 1932 586 2000 aetatis
615 1934 755 2000 oratione
783 1935 938 1999 sertorum
965 1934 1091 1998 tantum
1120 1951 1287 2016 eorumque

170 2053 346 2118 pauoorum
379 2035 648 2103 substantivorum
684 2035 837 2102 ablativos
870 2036 954 2103 solos
978 2036 1064 2121 poni,
1096 2037 1133 2101 ut
1163 2037 1286 2114 modus,

169 2157 228 2220 quo
250 2137 329 2221 quid
350 2138 417 2216 fiat,
440 2139 648 2223 signifioetor,
675 2141 786 2204 notum
815 2142 873 2205 oet.
924 2139 990 2203 Has
1016 2157 1109 2205 voees
1135 2137 1220 2205 dieo:
1246 2138 1285 2216 ri,

169 2241 290 2320 ordine,
312 2241 441 2322 ratione,
464 2260 559 2320 more,
577 2241 659 2326 jure,
682 2240 771 2307 alias.
816 2241 877 2308 Sed
894 2241 962 2326 jam
982 2240 1090 2334 livius
1111 2242 1144 2305 et
1158 2239 1286 2305 'Iaoitns

170 2347 272 2408 oertos
295 2342 368 2409 illos
390 2343 469 2409 fines
490 2343 684 2410 transierunt
705 2361 871 2425 eorumque
893 2343 1071 2428 exemplum
1093 2341 1192 2408 seonti
1214 2344 1289 2406 suut

168 2444 310 2523 Curtius,
335 2445 512 2524 Suetonius,
534 2445 703 2530 Apulejus,
725 2445 878 2524 Justiuue,
902 2445 967 2512 elii.

257 2547 400 2628 Quorum
433 2548 573 2613 omnium
594 2549 751 2642 'exempla
789 2547 924 2615 oolleeta
962 2546 1168 2614 inveniuntur
1203 2547 1287 2630 apud

167 2650 364 2732 Draogorum
386 2650 430 2732 (h.
447 2648 478 2715 S.
496 2668 528 2733 p.
544 2649 631 2733 500),
653 2649 787 2716 Liviana
807 2651 893 2732 apud
914 2649 1130 2727 thuastium
1151 2649 1233 2736 (Liv.
1254 2649 1286 2717 S.

167 2771 198 2835 p.
226 2751 287 2818 177
311 2749 400 2834 squ).
444 2753 469 2817 ll
492 2752 609 2835 quibus
630 2753 722 2818 affero
744 2752 838 2819 haee:
859 2751 926 2818 Liv.
948 2753 1071 2833 XXIII,
1096 2755 1151 2819 16:
1173 2753 1207 2818 in
1229 2771 1287 2818 sua

168 2853 303 2936 quisque
329 2853 504 2919 ministeria
530 2855 675 2921 discursu
703 2856 850 2940 trepidat.
894 2854 953 2935 III,
982 2855 1041 2921 38:
1068 2856 1102 2920 ni
1129 2872 1285 2921 eonsensu

169 2957 361 3022 resisterent
414 2956 532 3036 XXIX,
572 2957 628 3024 36:
659 2957 839 3042 agminibus
880 2960 1057 3043 pugnatum
1091 2959 1148 3023 est
1209 2955 1283 3020 Tae.

166 3060 244 3124 hist.
267 3057 326 3137 III,
353 3059 410 3123 10:
443 3061 555 3142 peetus
577 3111 583 3124 .
606 3110 614 3126 .
637 3113 643 3125 .
668 3110 676 3128 .
706 3061 847 3144 singultu
869 3061 1022 3144 quatiens.
1072 3059 1111 3136 V,
1134 3055 1190 3121 15:
1222 3075 1283 3122 uox

166 3161 252 3245 apud
275 3160 424 3226 barbaros
446 3207 454 3223 .
478 3210 486 3226 .
513 3210 521 3226 .
546 3166 642 3230 88818
663 3167 716 3229 ant
738 3164 874 3229 elamore
896 3215 903 3227 .
927 3210 934 3226 .
957 3212 965 3228 .
987 3164 1066 3228 aeta.
1089 3179 1164 3226 ann.
1180 3161 1207 3239 Ι,
1226 3157 1282 3223 59:

166 3264 254 3330 fama
276 3313 284 3329 .
307 3313 316 3328 .
339 3272 352 3331 2
371 3283 427 3347 spe
449 3265 499 3331 vel
521 3266 626 3332 dolore
649 3265 811 3349 aeoipitur.

253 3367 316 3434 Hie
342 3385 420 3433 usus
448 3368 550 3435 multo
579 3367 673 3434 etlam
699 3368 832 3435 erebrior
860 3372 909 3435 est
939 3365 971 3431 in
993 3365 1153 3431 AmmIani
1183 3364 1282 3431 libris.

167 3471 320 3554 Idxemplo
343 3471 408 3535 sint
429 3470 462 3534 hi
475 3469 553 3550 loei,
576 3471 637 3537 etsi
651 3470 792 3554 plerique
803 3473 933 3556 proptor
947 3468 1127 3552 genetivum
1141 3469 1282 3534 additum

168 3571 283 3639 abilis
308 3573 440 3656 paulum
471 3577 548 3639 sunt
568 3572 691 3638 diversi.
742 3573 828 3652 XIV,
853 3575 881 3651 1,
911 3573 948 3637 6:
978 3571 1175 3654 pervadendo
1202 3571 1281 3636 divi-

168 3682 237 3739 tum
253 3674 366 3740 domus
381 3675 540 3758 egentium
554 3675 672 3742 habitu.
702 3675 835 3754 XXVII,
853 3674 902 3754 12,
921 3673 975 3739 14:
1005 3673 1089 3756 qnod
1105 3674 1281 3739 velamento

169 3775 344 3857 majestatis
365 3777 469 3861 regiae
484 3777 590 3863 Cylaci
611 3778 750 3845 serviret.
785 3778 871 3856 XIV,
896 3776 945 3855 11,
969 3775 1023 3840 11:
1046 3773 1173 3841 Soudilo
1195 3774 1281 3841 vela·

169 3880 274 3945 mento
296 3878 490 3963 subagrestis
510 3881 628 3964 ingenii
643 3878 852 3965 persuasionis
867 3877 970 3961 opifex
993 3876 1138 3944 oollidus.
1161 3875 1282 3956 XVIII,

168 3981 198 4058 2,
217 3982 273 4045 19:
294 3998 405 4064 paoem
420 3981 1050 4052 8881118888818111181188888888881.
1078 3978 1164 4059 XIV,
1183 3979 1233 4058 11,
1245 3980 1281 4046 6:

169 4101 225 4164 spe
247 4086 364 4163 tamen,
394 4085 476 4166 quod
505 4083 694 4150 88818818
727 4086 850 4166 poterat
870 4087 906 4150 ut
937 4099 1132 4166 germanum,
1168 4081 1281 4168 (soror)

168 4183 310 4267 profeeta
332 4234 339 4250 .
363 4236 372 4253 .
395 4236 403 4253 .
427 4237 434 4252 .
457 4188 542 4266 XVI,
579 4187 609 4265 8,
632 4186 667 4251 5:
704 4185 771 4269 ipse
801 4206 856 4271 spe
887 4185 1045 4271 potiorum
1070 4183 1214 4265 pervolat
1242 4184 1281 4249 ad

169 4289 281 4353 eastra.
323 4277 410 4370 XVI,
434 4290 483 4369 10,
507 4289 561 4354 18:
583 4287 722 4354 Helenae
745 4337 800 4355 ...
823 4289 957 4354 Romam
980 4284 1281 4373 81188118818888818
