3194 5056
702 360 744 426 55

255 554 435 619 infinitivus
468 554 501 618 ct
521 552 680 635 particula
711 552 794 635 quod
825 570 880 635 pro
907 551 979 617 aliis
1002 550 1288 619 constructionibus

333 657 491 722 liberrime
512 655 660 726 adhibita,
689 652 735 738 (p.
753 654 796 718 48
811 653 872 737 sq.)

257 758 461 842 Partieipium
484 757 584 823 futuri
604 777 659 841 pro
681 755 846 843 participio
869 760 1042 842 praesentis
1065 757 1107 842 (p.
1130 756 1194 838 52.)

259 858 491 929 Consecutionis
501 862 679 943 temporum
694 860 727 925 in
742 860 915 926 enuntiatis
927 859 1102 925 minoribus
1114 858 1287 940 conjuncti·

328 982 403 1028 vum
424 961 659 1028 continentibus
680 964 820 1028 libertus.
843 961 887 1047 (p.
909 963 951 1028 52
974 972 1034 1045 sq.)

256 1065 426 1147 Reliquum
449 1067 506 1141 est,
533 1065 570 1128 ut
592 1081 644 1131 eus
665 1083 715 1134 res
731 1066 928 1148 colligamus,
951 1065 1063 1147 quibus
1079 1067 1186 1128 auctor
1196 1083 1287 1148 prae·

167 1169 264 1250 cipue
284 1166 467 1232 Graecum
489 1183 580 1229 usum
603 1172 730 1234 secutus
752 1187 820 1233 esse
842 1166 974 1232 videtur.

256 1268 490 1351 Adjeetivorum
512 1285 614 1350 genus
635 1273 785 1336 neutrum
810 1287 880 1334 cum
901 1268 1171 1335 substantivorum
1193 1288 1287 1352 gene·

327 1374 393 1438 tivo
412 1371 567 1454 junctum
591 1369 637 1455 (p.
659 1373 678 1437 8
700 1372 761 1454 sq.)

255 1475 465 1542 Accusatirus
487 1473 632 1538 verbalis.
655 1473 698 1557 (p.
721 1474 741 1537 9
763 1471 847 1555 sqq.)

254 1579 384 1643 Dativus
407 1595 464 1660 pro
479 1576 616 1643 ablativo
629 1576 793 1641 verberum
814 1573 922 1655 generi
944 1573 1067 1656 passivo
1091 1575 1285 1659 conjunctus

256 1781 416 1865 Adjectiva
437 1780 629 1847 substantive
650 1780 765 1865 posita.
786 1780 832 1866 (p.
855 1781 897 1846 23
920 1777 1001 1863 sqq.)

257 1883 500 1966 Praepositiones
523 1883 736 1966 comparativo
758 1882 896 1948 additae:
931 1885 1062 1965 praeter,
1093 1886 1173 1961 anto,
1202 1903 1285 1967 pree.

254 2089 430 2155 Pronomen
453 2090 481 2155 is
503 2108 559 2173 pro
581 2088 732 2153 reflexion.
755 2087 798 2170 (p.
821 2087 863 2150 30
885 2087 948 2168 sq.)

257 2191 308 2256 Sui
329 2210 384 2273 pro
408 2191 564 2275 adjectivo
587 2209 673 2276 suus,
697 2210 724 2267 a,
747 2208 808 2254 um.
833 2192 877 2272 (p.
900 2183 966 2270 31.)

255 2291 312 2357 Per
331 2297 367 2358 ut
386 2289 474 2358 κατά
495 2297 527 2360 et
550 2288 605 2356 ὸιά
626 2292 750 2357 causale
772 2293 958 2371 usurpatum
992 2287 1036 2371 (p.
1057 2289 1098 2352 32
1118 2290 1178 2371 sq.)

253 2395 441 2463 indicativus
464 2396 498 2460 in
519 2395 661 2460 oratione
684 2393 809 2476 obliqua
829 2391 960 2476 positus.
988 2390 1032 2472 (p.
1055 2391 1095 2455 37
1119 2391 1179 2472 sq.)
