3194 5056
841 363 884 428 30

389 552 505 621 Similis
519 553 728 638 pleonasmus
761 556 809 619 est
840 552 955 631 XXVI,
978 554 1008 632 2,
1032 552 1066 618 5:
1101 555 1184 637 quod
1217 601 1284 620 ...
1318 552 1419 638 magis

304 676 379 741 prae
402 657 523 723 cunctis
546 655 758 722 extimescens.
1093 711 1096 719 .

388 759 611 823 Libentissime
632 758 821 824 Ammianus
842 758 881 823 ad
903 756 1067 824 levandam
1095 758 1243 824 orationis
1269 757 1420 823 severita-

305 863 370 925 tem
399 879 456 943 pro
485 859 708 943 adjectivorum
736 864 768 926 et
798 860 1014 927 adverbiorum
1047 860 1179 943 positivo
1210 860 1312 925 utitur
1337 877 1419 924 com-

307 963 456 1047 paratino,
488 963 542 1045 qui
572 982 641 1028 eam
664 962 702 1030 ob
719 981 784 1028 rem
811 966 875 1027 tam
899 964 1006 1028 creber
1034 966 1097 1038 est,
1127 966 1162 1028 nt
1193 962 1257 1028 fers
1285 961 1326 1027 sit
1352 981 1422 1026 mo·

305 1065 413 1140 lesbus.
478 1065 525 1130 Itx
561 1065 783 1132 innumerabili
827 1065 889 1129 iere
925 1064 1129 1132 mulitudine
1172 1067 1290 1147 aliquot
1326 1063 1422 1129 affero

306 1166 470 1248 exempla:

390 1263 496 1346 XXll,
519 1269 548 1350 9,
571 1269 606 1334 9:
630 1270 733 1335 acrius
754 1269 788 1333 in
811 1268 1053 1334 calumniatores
1074 1249 1265 1352 assurgens.¹
1300 1268 1350 1345 16,
1364 1268 1421 1332 21;

291 1368 414 1434 colens
447 1370 596 1437 secretius
628 1373 711 1438 deos.
772 1369 891 1448 XXIII,
920 1372 949 1447 1,
978 1370 1012 1434 3:
1046 1371 1199 1435 elemento
1233 1369 1422 1436 destinatius

306 1471 488 1555 repellente.
537 1473 567 1550 2,
591 1474 626 1538 4:
655 1473 839 1556 loquebatur
867 1471 1015 1555 asperius.
1065 1472 1094 1551 5,
1120 1473 1176 1537 18:
1208 1474 1354 1538 voluntas
1383 1471 1422 1536 ad

307 1574 421 1639 altiora
453 1575 646 1659 propensior.
706 1575 736 1654 6,
767 1574 822 1639 53:
861 1577 898 1639 ut
929 1574 1087 1641 Homerus
1119 1575 1296 1640 fabulosius
1330 1573 1423 1640 canit.

306 1674 423 1754 XXIV,
456 1677 486 1755 2,
524 1678 555 1742 1;
589 1678 707 1744 incolas
738 1676 854 1744 tentati
889 1677 1024 1742 mollius.
1078 1679 1109 1754 4,
1142 1679 1173 1742 l:
1208 1677 1332 1759 placida
1364 1696 1423 1760 ope

307 1777 446 1842 numinis
472 1779 611 1845 erectior.
656 1781 686 1857 5,
709 1779 745 1844 6:
767 1779 877 1863 paullo
900 1778 1022 1844 avidius
1043 1782 1197 1862 repertus.
1219 1776 1317 1856 XXV,
1341 1780 1370 1855 2,
1387 1778 1424 1842 3:

232 1887 235 1892 ⁴
307 1880 383 1945 vidit
404 1880 594 1964 squalidius:
617 1881 697 1946 vidIt
717 1881 851 1964 speciem
875 1880 1059 1946 ...tristius
1082 1881 1301 1947 discedentem.
1324 1878 1423 1958 XXV,

309 1985 360 2062 10,
391 1982 444 2048 15:
480 1985 663 2068 perpnnstus
692 1983 814 2067 jndloes
845 1982 1011 2048 electurus.
1072 1982 1189 2061 XXVI,
1221 1983 1251 2061 b,
1287 1985 1318 2047 1:
1353 1985 1424 2049 acta

307 2085 504 2166 tranquillius
527 2084 637 2152 hieme.
683 2085 814 2163 XXVII,
830 2084 860 2163 6,
882 2085 934 2150 15:
963 2087 1126 2152 oculorum
1151 2085 1337 2169 flagrantior
1358 2087 1423 2151 lun.

310 2189 359 2266 10,
383 2188 416 2252 7:
437 2189 528 2254 miles
550 2188 696 2254 irritatior
715 2189 754 2253 ad
768 2187 983 2272 pugnandum.
1006 2183 1274 2272 (Comparativum
1297 2187 1423 2267 „irrita-

308 2291 391 2355 ti0r“
427 2289 634 2357 Ammiannm
663 2311 683 2357 a
708 2289 809 2357 Gellio
838 2290 1010 2373 sumpsisse
1041 2291 1236 2356 demonstrat
1263 2290 1423 2368 Hertnius,

309 2393 349 2460 A.
366 2393 489 2459 Gellius
510 2396 568 2458 etc.
598 2410 629 2475 p.
650 2392 737 2467 280).
791 2393 939 2470 XXVIII,
962 2392 993 2470 4,
1016 2390 1053 2456 5:
1085 2392 1132 2458 ita
1165 2392 1341 2460 effrenatius
1368 2387 1428 2456 ex)

309 2499 462 2575 arserunt,
491 2499 526 2561 ut
547 2545 553 2558 .
577 2543 584 2560 .
608 2542 615 2557 .
638 2493 737 2571 XXX,
762 2494 791 2572 8,
813 2495 848 2559 3:
870 2494 914 2559 ita
936 2496 1001 2560 crat
1022 2493 1150 2560 effusior
1178 2496 1424 2574 aduocandum,

309 2601 345 2662 ut
371 2647 377 2661 .
399 2646 439 2664 ..
467 2595 508 2680 (v.
531 2619 562 2682 p.
584 2598 625 2662 29
647 2595 744 2680 med.)

695 2769 744 2849 lte
772 2767 1040 2871 pronominibus.

393 2912 490 2994 Apud
522 2910 663 2978 omniurn
694 2914 871 2992 temporum
907 2909 1071 2994 scriptores
1107 2911 1305 2978 inveniuntur
1339 2912 1420 2990 loci,

311 3015 425 3099 quibus
447 3011 482 3080 in
504 3015 642 3080 oratione
664 3012 789 3095 obliqua
808 3030 978 3097 pronomen
1001 3012 1067 3091 „is“
1090 3018 1275 3098 usurpatum
1303 3016 1347 3082 sit
1368 3034 1424 3098 pro

311 3119 497 3203 pronomine
534 3117 697 3195 reflexivo,
739 3115 791 3198 qui
827 3133 903 3180 usus
943 3113 1216 3197 frequentissimus
1259 3120 1307 3183 est
1343 3117 1424 3200 apud

311 3218 476 3286 Caesarem
497 3220 529 3284 in
552 3222 769 3286 commentam.
793 3216 830 3283 de
852 3217 881 3281 b.
903 3215 942 3283 G.
957 3221 989 3283 ct
1010 3217 1134 3283 Livium
1155 3217 1209 3303 (of.
1225 3220 1370 3301 Draeger.
1392 3220 1426 3284 h.

311 3321 342 3388 S.
367 3325 387 3402 ξ
408 3323 460 3401 29,
481 3321 518 3398 b;
548 3320 703 3387 thnast.
728 3318 751 3383 1.
776 3337 802 3382 c.
834 3338 864 3402 p.
895 3319 956 3384 105
978 3320 1067 3403 sqq).
1120 3319 1209 3400 Quod
1237 3320 1425 3386 Ammianus

312 3423 419 3489 eadem
441 3422 570 3489 licentia
590 3442 664 3488 usus
686 3425 742 3499 est,
766 3439 802 3486 cc
824 3421 931 3486 minus
951 3423 1067 3488 mirum
1088 3421 1220 3502 ridetur,
1243 3424 1323 3506 qnod
1353 3444 1425 3490 cum

312 3525 432 3592 Graeca
453 3525 577 3592 dicendi
599 3521 819 3593 consuetudine
842 3523 993 3607 congruIt.
1024 3522 1108 3602 XIV,
1125 3523 1155 3603 1,
1168 3524 1203 3589 V:
1226 3523 1425 3611 (Serenianus

312 3631 373 3705 est)
396 3626 556 3692 convictus
579 3675 586 3693 .
610 3678 616 3690 .
640 3679 645 3692 .
669 3624 854 3692 familiarem
877 3645 970 3691 snum
992 3626 1114 3694 misisse
1137 3628 1344 3711 quaeritatum

313 3749 354 3796 an
377 3728 406 3797 ei
428 3729 554 3794 firmum
575 3730 810 3814 portenderetur
830 3726 1006 3810 imperium.
1052 3731 1103 3812 11,
1127 3730 1163 3795 7:
1186 3732 1305 3796 adhoc
1325 3749 1426 3796 unum

313 3838 451 3897 mentem
473 3831 643 3914 sollicitam
665 3829 828 3916 dirigebat,
861 3831 944 3913 quod
967 3829 1169 3898 Constantius
1203 3883 1209 3898 .
1233 3888 1240 3904 .
1264 3883 1270 3895 .
1298 3832 1426 3915 laqueos

314 3931 343 4001 al
374 3934 507 4000 latenter
533 3933 714 4013 obtendens,
742 3933 769 3998 si
795 3931 929 4018 cepisset
949 3933 1122 4014 incautum,
1150 3937 1248 4000 morte
1269 3936 1425 4000 multaret.

315 4037 441 4116 11,15:
475 4036 625 4119 comperit
652 4035 810 4102 Thebaeas
843 4035 984 4118 legiones
1113 4037 1234 4103 misisse
1267 4035 1425 4117 quosdam,

314 4152 388 4207 cunr
489 4142 525 4204 ut
543 4141 715 4204 remaneret
734 4137 920 4204 hortaturos.
963 4138 1031 4217 XX,
1055 4139 1086 4214 4,
1108 4139 1143 4204 8:
1166 4137 1336 4223 gloriosum
1358 4157 1426 4204 esse

315 4239 495 4308 existimans
513 4241 605 4325 jussa
619 4243 718 4308 morte
733 4243 888 4322 oppetere,
911 4259 1003 4324 quam
1025 4239 1056 4309 ci
1072 4240 1305 4325 provincIarum
1326 4242 1425 4307 inter·
