3194 5056
852 385 895 451 34

317 577 449 643 consula
492 576 619 657 XXVH,
643 578 671 655 I,
693 577 730 643 5:
767 595 850 644 mors
883 576 999 644 Dioclis
1030 598 1065 644 cx
1098 578 1210 645 corniIe
1237 578 1435 664 largitionum

315 679 444 763 Illyrici.
486 679 650 745 Permultis
673 679 742 746 aliis
762 679 846 746 locis

401 781 470 847 Non
493 781 529 846 de
551 801 673 847 munere
695 781 746 846 sed
769 781 806 846 de
828 782 927 848 aetate
953 781 997 846 ita
1019 780 1078 846 dici
1103 780 1219 847 videtur
1240 782 1324 862 XVI,
1348 783 1377 864 I,
1398 783 1433 850 5:

316 882 451 964 quamsi
474 881 625 950 Constans
646 883 809 968 imperator
824 933 833 950 .
904 903 940 950 ex
961 883 1063 948 udrdto
1086 884 1209 966 [lacuna
1223 882 1299 950 XIV
1313 884 1432 952 littera·

314 981 394 1070 rum]
421 985 544 1069 jamque
576 988 730 1053 maturum
763 985 880 1052 audiret
911 986 1039 1052 honesta
1068 986 1242 1053 suadentem
1275 990 1306 1052 ct
1338 989 1430 1066 recta,

316 1086 402 1152 nulla
436 1087 483 1152 vel
513 1087 601 1154 venia
638 1089 717 1154 certo
740 1086 831 1169 digua
853 1087 1019 1169 peccasset.
1065 1085 1123 1152 Sed
1145 1091 1269 1171 propter
1290 1089 1432 1156 lacunam

315 1191 351 1256 de
374 1191 432 1258 hac
453 1192 521 1258 loco
543 1191 627 1256 certo
648 1209 707 1256 non
730 1190 832 1273 potest
853 1188 1028 1258 existimari.

396 1296 427 1359 4.
453 1294 559 1378 Super.

397 1394 493 1479 Super
514 1415 568 1480 pro
590 1394 627 1461 de
650 1394 844 1476 usmpatum,
880 1393 1049 1477 quadrare
1072 1411 1173 1473 aurea,
1205 1393 1340 1459 crebrius
1359 1394 1430 1460 inde

313 1496 350 1560 ab
373 1499 517 1581 argentea
538 1497 638 1565 aetate
660 1495 823 1574 invenitur,
848 1494 1081 1564 astutissimam
1097 1497 1144 1562 cst
1158 1495 1328 1583 Arnmiano.
1351 1496 1434 1577 XIV,

317 1597 346 1674 7,
370 1600 425 1664 12:
459 1599 541 1681 quod
563 1617 655 1682 super
677 1597 840 1664 adimenda
862 1597 926 1664 vila
948 1597 1105 1662 couveutrt
1133 1597 1269 1666 securius
1293 1598 1432 1683 cogitari.

314 1699 381 1780 XV,
404 1701 434 1781 9,
447 1702 483 1765 2:
507 1700 695 1784 ambigentes
717 1718 808 1782 super
830 1699 945 1782 origiue
960 1697 1120 1770 Gallorum
1142 1699 1313 1782 scriptores.
1338 1698 1430 1765 sinri-

312 1801 383 1867 liter
404 1801 486 1881 XVI,
510 1803 539 1880 7,
561 1803 597 1874 4;
627 1801 711 1880 XIX,
736 1803 764 1879 1,
787 1800 823 1878 6;
850 1793 967 1880 XVIII,
990 1802 1019 1879 3,
1046 1805 1076 1880 13
1106 1802 1189 1883 XXI,
1210 1802 1240 1880 4,
1262 1800 1299 1880 5;
1327 1802 1429 1881 XXII,

313 1904 345 1982 3,
368 1906 405 1982 43
441 1905 562 1983 XXIII,
592 1905 622 1983 6,
646 1903 703 1980 32;
740 1901 852 1984 XXIV,
882 1901 912 1981 8,
934 1904 968 1980 23
1004 1903 1100 1986 XXV,
1123 1904 1153 1982 3,
1175 1904 1232 1980 20;
1270 1903 1430 1987 permultIs

314 2004 383 2070 aliis
403 2005 488 2072 locis.

317 2142 320 2157 ι
395 2107 588 2192 Praeposito
611 2111 741 2190 „supar“
776 2125 848 2173 cum
880 2105 1013 2174 ablativo
1037 2105 1125 2188 „bis“
1150 2105 1257 2189 juncta
1280 2107 1429 2174 nonnullis

313 2208 391 2274 locIs
409 2209 488 2276 idem
510 2209 589 2294 quod
612 2210 772 2295 „arsetas
794 2208 955 2294 siguificat,
977 2207 1062 2291 cujus
1084 2227 1157 2274 usus
1178 2207 1209 2273 in
1231 2208 1332 2294 priore
1355 2211 1429 2277 lati·

311 2308 409 2377 nitatc
429 2312 487 2378 duo
510 2313 599 2379 modo
615 2313 753 2396 exempla
767 2314 887 2378 exstant
907 2311 959 2398 (of.
969 2309 1112 2394 Draeger.
1126 2310 1155 2373 h.
1165 2308 1196 2378 S.
1213 2310 1316 2392 5300,
1337 2311 1364 2376 Β
1379 2312 1429 2392 2):

313 2409 387 2476 Sall.
415 2412 505 2497 lrgm.
531 2414 589 2480 inc.
615 2414 673 2482 28:
707 2431 778 2482 casu
811 2433 909 2498 super.
959 2412 1033 2478 Hor.
1056 2414 1114 2478 sat.
1137 2413 1174 2491 lI,
1208 2413 1237 2492 d,
1271 2415 1304 2479 3:
1340 2433 1431 2499 super

309 2511 367 2578 bis.
410 2515 501 2598 Apud
521 2516 721 2583 AmmIannm
743 2535 856 2601 „super
876 2515 944 2580 his“
973 2533 1026 2597 pro
1050 2533 1163 2597 „snper
1184 2518 1294 2595 haeo“,
1318 2535 1427 2600 „prae-

309 2615 413 2682 areas
439 2616 589 2686 inuenitur
611 2617 659 2684 his
680 2617 766 2685 Iocis
809 2616 891 2698 XIV,
905 2616 933 2697 I,
945 2617 980 2682 4:
1002 2616 1180 2684 accenderat
1202 2637 1292 2701 super
1314 2618 1361 2684 his
1376 2669 1383 2683 .
1399 2668 1406 2683 .
1421 2629 1441 2684 .'

310 2717 522 2800 propositum.
547 2769 555 2785 .
579 2768 586 2782 .
611 2718 727 2786 mulier.
771 2716 859 2796 XXI,
885 2720 913 2797 1,
938 2719 997 2782 11:
1028 2719 1125 2784 multa
1146 2717 1319 2804 significant
1339 2739 1429 2804 super

310 2817 360 2884 bis
381 2819 517 2903 crepitus
539 2839 656 2887 uocum.
699 2821 783 2899 XXI,
807 2821 857 2900 16,
879 2821 932 2886 17:
955 2821 1020 2889 erat
1041 2821 1201 2904 superbla
1223 2820 1356 2888 adimere
1378 2821 1394 2886 f
1413 2858 1428 2870 ·

316 2921 383 2988 cilis
406 2922 642 3004 quoadunabat.
687 2923 801 3002 XXXI,
820 2924 868 3003 13,
893 2925 948 2989 11:
974 2923 1131 3006 superbis
1153 2924 1351 2989 obstruebant
1373 2924 1426 2990 iti·

310 3040 383 3088 nora
405 3071 413 3086 .
436 3071 444 3086 .
469 3073 477 3090 .
500 3024 673 3093 semineces.
720 3026 769 3105 14,
791 3026 827 3092 3:
859 3043 950 3109 super
976 3023 1025 3090 bis
1046 3024 1186 3091 omnibus
1206 3025 1341 3092 liberalis
1363 3029 1429 3092 erat

313 3143 383 3190 cum
406 3125 622 3196 moderatione.

391 3227 452 3294 Pro
474 3232 616 3313 „praeter
635 3231 715 3298 hos“
736 3229 872 3316 positum
893 3231 955 3295 est:

392 3329 491 3410 XXII,
514 3333 544 3415 3,
568 3334 623 3400 12.
645 3333 810 3400 Eusebium
831 3350 922 3416 super
943 3329 990 3396 his
1084 3327 1223 3395 addixere
1244 3350 1358 3415 poenae
1378 3331 1425 3397 lc·

308 3429 373 3496 lali.
409 3433 509 3513 XXV,
530 3435 563 3514 3,
589 3435 642 3500 13:
663 3433 862 3517 obstupescat
881 3431 999 3515 proelia
1019 3431 1076 3496 XX
1098 3430 1250 3498 Marcelli:
1277 3432 1426 3500 Sicinium

310 3532 476 3600 Dentatum
499 3534 610 3602 adiciat
634 3585 640 3600 .
665 3583 672 3598 .
695 3585 703 3599 .
726 3535 852 3602 miretur
877 3553 967 3617 super
990 3533 1039 3600 bIs
1061 3532 1211 3618 Sergium.

392 3637 423 3701 5.
445 3635 536 3721 Erga.

391 3738 557 3805 llarIssime
578 3739 610 3804 iu
632 3740 762 3822 optima,
796 3737 918 3820 saepius
941 3736 972 3802 iu
994 3741 1138 3824 argentea
1159 3760 1186 3823 q.
1210 3740 1238 3805 d.
1260 3737 1422 3820 latinitate,

307 3840 405 3906 multo
428 3839 562 3906 omnium
591 3840 770 3910 creberrime
802 3838 884 3925 apud
905 3839 1046 3906 Tacitum
1067 3841 1285 3928 praepositioni
1308 3844 1423 3927 „argast

306 3941 455 4025 generalia
478 3942 637 4026 cujusdam
670 3947 700 4010 et
732 3943 833 4010 minus
865 3941 1005 4010 definitae
1038 3942 1077 4008 ad
1105 3962 1265 4026 personam
1290 3944 1422 4027 aliquam

305 4041 368 4106 siro
399 4062 464 4110 rem
492 4044 646 4111 relaIIonis
675 4045 720 4110 vis
748 4044 846 4112 indba
867 4045 1030 4128 iuventtur,
1063 4064 1123 4128 qua
1154 4044 1285 4111 elficbur
1317 4049 1352 4112 ut
1373 4049 1422 4112 vel

306 4146 455 4222 „contr·a“
479 4145 713 4230 praepositionis
725 4147 979 4232 significationem
989 4146 1141 4214 interdum
1152 4146 1290 4215 videatur
1313 4148 1417 4230 nequi·

304 4263 418 4328 pecare.
464 4248 507 4314 CI.
534 4250 677 4334 Dracgcr.
699 4249 730 4316 h.
754 4247 784 4318 S.
808 4251 826 4333 d
849 4252 921 4318 263.
