3194 5056
868 381 907 446 12

328 571 411 637 tivus
433 570 630 636 limitationis
653 568 716 634 sive
740 570 813 648 „im‘
841 591 913 636 cum
935 570 1069 636 ablativo
1091 570 1290 654 conjunctum
1312 589 1442 654 ponere-

328 675 393 750 tur,
428 675 464 736 ut
492 673 575 754 apud
597 672 722 738 bivium
743 673 831 751 XXI,
862 675 896 738 I:
930 673 1031 739 femur
1052 674 1174 756 tragula
1195 674 1329 755 graviter
1350 672 1441 737 ictus.

412 774 484 840 Uno
498 774 567 839 loco
583 775 781 840 accusativus
795 774 993 842 limitationis
1006 774 1158 858 adjectivo
1174 774 1306 842 additur.
1327 773 1442 854 XXXI,

329 875 378 954 16,
401 876 437 939 6:
460 875 563 940 nudus
585 875 693 943 omnia
713 881 836 961 praeter
856 878 981 961 pubem.

411 981 441 1044 4.
464 981 511 1044 De
535 977 647 1044 dativo.

411 1083 485 1148 Jam
518 1099 537 1147 a
568 1078 716 1145 Cicerone
755 1081 881 1147 dativus
908 1082 1062 1148 interdum
1096 1081 1197 1148 verbis
1226 1082 1357 1166 passivis
1386 1100 1443 1164 pro

330 1183 560 1268 praepositione
592 1180 762 1247 evidetur
797 1181 935 1268 adjungi,
972 1183 1025 1248 sed
1063 1203 1184 1269 semper
1219 1183 1325 1266 aliqua
1359 1183 1442 1249 inest

329 1287 426 1352 dativi
453 1285 554 1370 ipsius
586 1284 754 1362 sententia,
784 1303 883 1366 neque
911 1285 1067 1351 Invenitur
1093 1286 1153 1353 uisi
1181 1287 1359 1370 participiis
1388 1290 1445 1352 aut

329 1387 510 1469 compositis
539 1388 718 1470 temporum
746 1385 856 1452 formis
883 1386 1016 1452 additus.
1070 1387 1117 1454 of.
1139 1389 1278 1473 Madvig.
1302 1387 1443 1454 Gramm.
1490 1448 1493 1454 .

329 1489 435 1572 §250
457 1507 492 1565 ις
518 1487 555 1554 de
575 1487 626 1553 fin.
649 1488 674 1567 Ι,
697 1489 727 1568 4,
754 1489 801 1552 ΙΟ.
852 1485 970 1554 Contra
997 1489 1140 1555 Tacitum
1162 1494 1328 1573 poetarum
1349 1509 1445 1556 usum

330 1595 511 1676 sequentem
532 1609 565 1655 re
587 1609 660 1657 vera
682 1591 819 1656 dativum
843 1608 900 1674 pro
931 1590 1157 1674 praepositione
1186 1610 1205 1656 a
1234 1611 1385 1677 usurpare
1414 1596 1446 1657 et

192 1747 196 1753 .
332 1693 388 1760 alii
402 1696 533 1760 censent
547 1696 580 1758 et
593 1692 812 1776 Nipperdeius,
827 1693 881 1774 qui
893 1693 1034 1776 exempla
1049 1694 1180 1779 collegit
1194 1694 1233 1760 ad
1248 1714 1317 1760 anu.
1335 1694 1377 1773 Il,
1392 1693 1445 1758 50.

417 1795 465 1860 of.
487 1795 560 1861 Tac.
584 1793 687 1860 Germ.
719 1795 774 1860 16:
805 1794 912 1860 nullas
939 1794 1167 1862 Germanorum
1195 1796 1324 1881 populis
1352 1794 1446 1861 urbes

329 1896 472 1964 habitari.
501 1915 572 1962 ann.
596 1896 656 1975 ΙΙΙ,
679 1897 737 1962 20:
768 1896 864 1961 donec
885 1895 1026 1962 desertus
1048 1899 1111 1964 suis
1135 1898 1267 1964 caderet.
1296 1934 1335 1944 -
1365 1899 1405 1963 Et
1427 1917 1446 1963 a

330 1999 415 2066 Livio
438 1999 507 2081 ipso
530 2016 651 2080 quoque
674 1999 706 2063 id
721 1996 786 2062 fieri
801 1998 995 2063 demonstrat
1008 1999 1208 2066 thnastius
1231 2000 1267 2082 (l.
1280 2018 1306 2064 c.
1321 2020 1351 2085 p.
1362 1999 1446 2082 139).

329 2103 377 2170 Ol.
391 2101 457 2168 Liv.
470 2101 508 2180 V,
520 2101 551 2179 6,
567 2100 618 2164 14:
631 2100 799 2166 audiuntur
813 2100 919 2165 militi.
937 2100 962 2178 Ι,
974 2100 1026 2179 23,
1041 2102 1095 2165 10:
1108 2100 1328 2183 quaerentibus
1339 2101 1444 2166 initur.
1581 2177 1582 2180 Ἴ

413 2205 500 2271 Idem
522 2222 606 2282 usus,
629 2203 744 2287 quippe
766 2202 819 2286 qui
840 2206 990 2286 congruat
1012 2222 1084 2269 cum
1104 2203 1223 2270 Graeco
1245 2203 1369 2270 dicendi
1389 2214 1445 2288 ge·

333 2328 416 2386 nere,
435 2306 594 2372 invenitur
623 2305 705 2389 apud
730 2304 946 2371 Ammianum.
995 2305 1063 2386 XX,
1085 2305 1116 2384 4,
1140 2306 1175 2371 7:
1207 2305 1344 2372 barbaris
1381 2293 1445 2372 ior·

331 2411 477 2475 midatos.
510 2407 628 2485 XXIII,
644 2407 674 2487 6,
697 2407 751 2473 28:
773 2407 907 2485 Parthis,
932 2405 1043 2489 quibus
1066 2408 1203 2473 vincitur
1225 2409 1300 2474 solis
1323 2408 1446 2492 (natio).

330 2509 426 2588 XXV,
449 2511 479 2588 4,
503 2511 540 2576 3:
573 2513 609 2574 ut
638 2529 676 2574 ne
698 2509 878 2591 suspicione
906 2509 1034 2591 quidem
1062 2509 1155 2574 tenus
1182 2509 1332 2576 citerioris
1363 2509 1447 2576 vitae

329 2612 487 2678 ministris
509 2612 713 2677 incusaretur.
757 2609 858 2690 XXX,
887 2610 917 2689 8,
939 2611 975 2676 4:
1001 2613 1091 2674 actus
1191 2610 1317 2678 Graecis
1338 2615 1446 2676 aucto·

330 2714 419 2779 ribus
441 2714 623 2780 celebratos.
667 2712 816 2791 XXVIII,
838 2715 866 2790 Ι,
888 2712 944 2777 24:
967 2711 1066 2776 multa
1088 2759 1096 2777 .
1119 2759 1128 2775 .
1151 2762 1157 2776 .
1180 2713 1323 2779 omnibus
1346 2715 1447 2780 timeri

331 2818 406 2881 sunt
427 2817 544 2897 coepta.
573 2815 724 2894 XXVIII,
750 2817 777 2892 l,
802 2815 859 2879 43:
882 2812 958 2898 (res)
980 2813 1136 2879 ministris
1158 2816 1244 2880 velut
1258 2817 1446 2899 adparitori·

331 2916 391 2982 bus
419 2917 613 3002 gerebantur.
663 2917 776 2996 XXXI,
802 2918 850 2996 ll,
873 2916 905 2980 3:
941 2935 1001 2998 quo
1037 2935 1093 2998 per
1124 2916 1267 2982 fraudem
1292 2919 1446 3001 Magnen·

332 3021 424 3086 tiacis
445 3020 598 3086 militibus
614 3022 714 3103 capto.

418 3123 469 3188 Ita
501 3141 578 3205 quae
602 3123 635 3189 in
669 3122 848 3189 universum
878 3122 918 3187 ad
941 3123 1072 3187 nomina
1103 3124 1262 3205 pertinent
1291 3124 1445 3202 tractatio,

332 3244 424 3291 casus
451 3223 536 3304 dico,
570 3227 719 3311 deinceps
746 3225 961 3291 disserendum
991 3229 1039 3292 est
1068 3225 1107 3290 de
1129 3223 1262 3308 singulis
1285 3225 1446 3291 nominum

332 3332 505 3416 gonenbus,
528 3349 566 3396 ac
587 3331 725 3412 primum
747 3328 873 3409 quidem

735 3432 778 3513 de
805 3430 1042 3513 substantiola.

416 3557 525 3623 Omnis
547 3556 704 3622 Ammiani
726 3558 825 3622 oratio
853 3554 1007 3620 redundat
1038 3553 1244 3619 substantivis
1270 3552 1443 3618 abstractis.

333 3660 473 3741 Quorum
495 3659 701 3742 frequentiam
724 3661 759 3724 ut
785 3658 817 3723 in
844 3677 987 3724 sermone
1014 3655 1125 3732 Latino
1156 3656 1257 3740 magis
1286 3654 1444 3737 magisque
1582 3659 1583 3670 ¹

333 3764 459 3828 auctam
482 3780 549 3827 esse
570 3765 603 3827 et
624 3763 693 3846 ipsa
713 3762 773 3827 hac
794 3780 827 3826 re
851 3759 1055 3825 recentiorem
1086 3758 1273 3824 latinitatem
1303 3773 1322 3818 a
1346 3751 1445 3835 priore

333 3864 454 3930 dicendi
476 3882 585 3946 genere
615 3864 746 3929 maxime
774 3863 950 3945 discrepare
978 3862 1102 3926 constat
1136 3857 1187 3943 (cf.
1210 3855 1313 3934 Hand,
1336 3855 1444 3922 Lehrb.

333 3967 388 4033 des
414 3967 468 4032 lat.
498 3964 599 4045 Stilsl,
630 3966 735 4050 529),
763 3967 807 4031 ita
828 3963 988 4030 Ammiani
1015 3961 1150 4028 elocutio
1180 3959 1237 4023 hoc
1270 3976 1330 4023 usu
1353 3960 1445 4043 plane

333 4067 477 4135 abhorret
498 4068 537 4134 ab
559 4067 672 4151 optimi
693 4067 844 4133 sermonis
867 4065 1078 4148 simplicitate,

418 4170 465 4236 Ac
486 4171 625 4255 primum
647 4169 773 4250 quidem
794 4169 982 4235 Ammianus
1005 4164 1183 4250 saepissIme
1208 4179 1271 4227 non
1293 4163 1444 4242 homines,

335 4273 389 4339 sed
410 4273 508 4338 animi
528 4276 632 4340 motus
656 4271 803 4357 aliasque,
837 4290 915 4355 quae
937 4269 1080 4337 efficiunt
1111 4263 1241 4348 aliquid,
1275 4283 1387 4332 causas
1414 4265 1446 4330 in
