3194 5056
679 333 721 398 47

147 525 312 605 usurpatur,
337 526 379 588 55
408 525 558 608 opodosin
585 525 740 590 enuntiati
762 527 983 594 condicionalis
1005 529 1171 594 contineat.
1216 526 1253 591 V.

145 624 277 706 Draeger.
302 626 356 691 nib.
374 625 491 710 Syntan
506 645 537 690 u.
554 625 613 691 Stil
628 631 687 691 etc.
711 629 730 706 ξ
756 628 825 695 195.
869 629 1028 695 thnast.
1052 631 1071 694 l.
1088 650 1113 696 c.
1130 649 1160 712 p.
1184 629 1256 694 266.

214 728 406 794 Ammianee
428 730 569 814 ejusdem
592 749 669 795 usus
689 733 917 813 exemplarent
931 731 1123 798 creberrima.
1168 731 1256 809 XIV,

143 828 167 902 l,
187 830 219 892 l:
240 831 435 898 efferebatur
456 833 487 896 in
511 832 621 909 555555,
645 833 671 897 55
695 833 766 914 plus
786 835 946 911 valuIsset,
969 834 1097 900 hostilia
1112 853 1256 901 ausurus.

143 931 182 1004 11,
211 932 245 996 25
290 934 482 1000 Ursicinum
517 985 522 995 .
556 981 562 996 .
595 981 604 998 .
638 933 664 997 55
706 935 812 1001 551155
847 940 938 1014 esset,
981 938 1034 1019 qui
1070 936 1256 1020 prohiberet,

138 1032 238 1099 altiore
257 1033 500 1102 meditaturum.
544 1038 612 1115 XV,
634 1039 664 1116 5,
690 1039 722 1102 15
752 1040 915 1106 5515555555
867 1042 1007 1104 ttumt
992 1038 1084 1105 turbo
1107 1058 1256 1105 noverum

138 1135 340 1204 exstincturus
373 1140 477 1205 omnin
507 1141 611 1221 555551,
644 1144 676 1207 55
705 1142 889 1207 5555555..
914 1144 1097 1206 ..motum
1129 1161 1254 1208 cosum-

143 1237 237 1301 mavit.
284 1240 382 1321 XVI,
408 1243 934 1320 12,4555555555Ι51)51555555555.
959 1243 1257 1322 ..circumventos
1317 1271 1320 1274 ·

144 1336 167 1399 si
178 1336 304 1416 jnrisset
330 1344 408 1421 fore,
431 1348 583 1426 ereptura
606 1337 794 1412 Similiter:
816 1345 935 1424 XXIII
951 1293 981 1424 2,
999 1346 1033 1410 15
1050 1343 1144 1424 XIX,
1161 1347 1190 1424 6,
1208 1347 1256 1411 10.

145 1440 1254 1527 11,].ΧΧΙ,,.,.,.75111131ΧΧΙΙ,26.ΧΧ11ΠΙ,3,.3

212 1544 393 1612 Nonnullis
416 1550 493 1614 locis
514 1550 716 1632 participium
739 1550 837 1615 futuri
859 1549 975 1632 passivi
997 1548 1043 1614 ita
1065 1554 1253 1634 usurpatum

134 1645 175 1706 555
194 1647 233 1711 ab
248 1649 439 1728 Ammiano,
461 1654 496 1716 ut
519 1651 604 1716 omni
628 1651 823 1718 necessitatis
845 1669 939 1716 sensu
961 1654 1066 1716 careat
1089 1655 1120 1717 55
1146 1653 1249 1717 solum

131 1742 238 1814 hebeat
273 1769 410 1818 sensum
436 1753 587 1818 futurum.
638 1751 726 1832 Quod
760 1754 842 1836 apud
870 1753 1102 1818 55555555555555
1131 1756 1255 1818 tantum

129 1846 303 1930 scriptores
332 1853 466 1919 inveniri
486 1855 626 1920 Hoasius
657 1856 749 1922 docet
781 1857 833 1936 (ad
861 1855 976 1938 Reisig.
999 1855 1069 1921 adn.
1092 1854 1179 1941 580),
1202 1857 1254 1940 qui

57 1929 148 2048 »tf
123 1952 227 2034 vegeti
251 1957 438 2038 exemplum
462 1956 560 2022 affert.
604 1958 809 2025 Ammiancos
824 1959 919 2036 locos,
935 1956 994 2022 etsi
1009 1957 1130 2039 collegi,
1146 1959 1254 2024 afferre

129 2068 189 2115 non
212 2058 320 2122 55555
344 2076 419 2136 reru,
442 2058 554 2140 quod
546 2061 715 2125 inveniunt
716 2079 753 2123 ur
774 2060 805 2124 55
827 2059 862 2123 P.
879 2059 1017 2141 Laugeui
1031 2061 1253 2124 commentario

129 2153 259 2233 (Philol.
285 2159 404 2240 XXIX,
426 2179 458 2244 p
478 2161 541 2225 469
564 2159 653 2244 sqq..)
697 2158 756 2226 Sed
779 2161 913 2226 addendi
935 2160 1065 2266 sunthi
1086 2160 1162 2226 15555

209 2259 304 2340 XVI,
328 2262 357 2338 7,
379 2263 416 2326 4.
445 2265 704 2328 5555555555..
729 2281 854 2344 super
875 2263 922 2326 115
924 2224 1031 2326 5155555
1052 2262 1248 2344 55555551)-

130 2376 232 2427 555555
255 2362 350 2428 forsit
335 2367 390 2428 tan
411 2382 474 2428 non
498 2365 649 2430 credenda
670 2363 737 2447 (ubi
761 2365 916 2429 sententia
937 2367 999 2429 est:
1027 2381 1108 2445 quac
1121 2363 1252 2430 fortasse

129 2479 190 2527 non
215 2463 397 2548 credentur)
430 2465 531 2544 XVII,
558 2467 606 2545 13,
629 2470 665 2532 35
699 2467 731 2531 55
759 2486 792 2532 55
819 2466 1080 2548 pugnae-molem
1102 2467 1253 2548 suspicati

131 2569 317 2632 5555555555
341 2569 384 2647 (h.
408 2586 432 2630 5.
454 2587 578 2644 versum
602 2566 670 2652 555).
1294 2567 1295 2572 ’

217 2669 427 2753 Participium
452 2671 549 2736 5555555
571 2672 689 2756 passivi
712 2673 865 2740 interdum
887 2673 920 2737 in
943 2671 1103 2738 facultatis
1125 2690 1254 2736 sensum

130 2773 247 2840 5555555
276 2773 370 2855 idque
398 2773 566 2855 negatione
593 2775 684 2840 modo
713 2775 868 2860 apposita,
897 2773 988 2839 modo
1017 2791 1080 2838 non
1101 2774 1251 2855 apposita.

130 2871 233 2955 XXV,
257 2876 289 2954 2,
313 2877 345 2939 15
368 2874 474 2940 55555155
491 2874 556 2957 jam
579 2895 640 2941 non
663 2876 789 2942 ferenda
839 2878 870 2954 4,
893 2878 949 2941 215
972 2875 1053 2941 illud
1069 2923 1075 2937 .
1094 2924 1101 2938 .
1118 2923 1125 2940 .
1141 2893 1251 2956 parum

131 2975 297 3045 ferendum
328 2977 429 3059 (erat),
463 2976 546 3059 quod
569 3025 576 3040 .
601 3026 608 3043 .
632 3025 639 3042 .
663 2978 749 3057 XVI,
773 2980 823 3056 12,
850 2979 907 3044 225
937 2977 1072 3060 jumenti
1102 2981 1252 3042 rectorem

129 3124 135 3140 .
167 3129 174 3142 .
202 3131 210 3144 .
233 3081 294 3146 lovi
316 3079 440 3162 negotio
462 3078 693 3145 trucidandum.

556 3272 612 3336 De
633 3271 827 3347 gerundIo.

215 3391 293 3456 Late
317 3393 405 3474 potet
434 3391 467 3456 in
489 3389 675 3456 Ammianec
696 3391 833 3456 oratione
854 3389 984 3454 ablativi
1009 3387 1149 3469 gerundii
1172 3407 1249 3452 usus

130 3491 178 3558 ita
199 3492 336 3569 adhiblti,
360 3494 471 3558 utnon
492 3511 548 3576 pro
570 3493 775 3557 instrumento
796 3490 916 3576 positus
939 3489 989 3572 555,
1014 3490 1068 3556 scd
1090 3490 1250 3573 participii

135 3596 310 3676 praesentis
343 3594 447 3659 locum
480 3597 595 3660 teneat.
659 3594 764 3658 Haase
796 3592 850 3676 (ad
883 3592 998 3675 ReisIg.
1032 3593 1135 3658 adnot.
1168 3590 1247 3672 596)

19 3726 20 3778 l
130 3697 217 3774 (15555,
238 3697 411 3764 ablativum
434 3696 576 3778 gerundii
600 3695 683 3778 apud
704 3695 884 3763 Oloeronem
906 3696 997 3762 nullo
1025 3694 1157 3760 fortasse
1179 3693 1247 3754 loco

17 3849 19 3888 ,
130 3800 191 3866 hoc
231 3802 354 3865 tautum
390 3796 581 3879 significare,
615 3799 723 3863 eodem
754 3799 893 3879 temporo
923 3797 1040 3880 aliquid
1068 3795 1150 3870 fieri,
1187 3811 1247 3873 quo

18 3893 19 3901 '
132 3902 227 3979 aliud,
252 3920 372 3985 semper
395 3917 523 3966 censam
546 3903 603 3966 out
623 3901 879 3979 instrumentum,
908 3900 996 3966 seda
1017 3897 1087 3964 Livi
1108 3897 1247 3976 tempore

17 4048 18 4091 ,
131 4004 222 4070 illum
263 4023 353 4070 usum
387 4002 488 4084 magis
511 4002 672 4084 magisque
704 4003 912 4070 increbruisse
944 4006 975 4068 et
1006 4001 1046 4066 ad
1075 3999 1246 4064 extremum

18 4095 20 4115 ‘
131 4108 164 4172 55
196 4107 336 4188 linguam
356 4106 500 4172 Italicam
524 4104 685 4169 transisse.
741 4104 788 4168 nx
822 4105 930 4170 Tacito
953 4103 1061 4168 affero:
1095 4117 1167 4164 ann.
1190 4098 1246 4178 VI,

17 4280 19 4291 ,
132 4210 188 4274 3515
212 4209 330 4275 5555555
424 4208 456 4274 55
482 4205 665 4292 praecipuos
687 4204 871 4272 libertorum
893 4203 1036 4272 Caesaris
1058 4203 1246 4284 composuIt,
