3194 5056
707 343 748 410 39

251 537 298 599 De
314 534 480 601 indicativo
497 554 554 617 pro
571 534 773 618 conjunctivo
794 533 984 618 particulam
1002 501 1126 616 „qnod‘
1142 527 1287 616 sequente

166 659 194 703 v.
219 638 303 703 infra
324 658 347 704 s.
372 636 536 703 infinitivo.

407 799 409 805 ’
449 820 493 890 ne
515 821 695 892 annullatis
715 819 1006 893 conditionalibus.

252 945 289 1008 ln
331 941 504 1009 enuntiatis
542 943 805 1010 conditionalibus
842 945 1064 1025 componendis
1107 946 1283 1012 similitudo

163 1047 320 1129 quaedam
351 1046 485 1111 cernitur
512 1045 696 1112 elocutionis
720 1045 866 1112 Taciteac
892 1049 923 1110 et
945 1045 1157 1114 Ammianeae.
1202 1048 1285 1114 Nam

163 1149 253 1232 apud
282 1152 447 1230 utmmque
477 1149 613 1230 saepius,
652 1166 745 1230 quam
774 1147 857 1228 apud
887 1148 967 1214 alios
993 1148 1224 1231 scriptores-
1247 1151 1286 1216 de

164 1250 254 1316 bivio
278 1271 304 1316 v,
324 1251 479 1316 Kiihnast.
496 1252 524 1318 l.
552 1269 577 1315 o.
602 1269 631 1331 p.
656 1249 718 1314 226
745 1269 790 1332 sq.
815 1269 975 1332 -quum
1005 1251 1038 1317 in
1061 1254 1181 1334 protasi
1211 1271 1285 1318 oon-

165 1353 315 1419 dicionali
329 1352 551 1436 oorvjunctivus
573 1352 747 1434 imperfecti
761 1356 817 1420 aut
838 1353 1136 1438 plusquamperfect
1158 1355 1284 1436 legitur,

165 1457 198 1519 iu
223 1453 353 1536 apodosi
374 1474 431 1536 pro
452 1455 652 1538 conjunctivo
674 1455 830 1520 invenitur
852 1455 1040 1522 indicativus
1063 1460 1094 1522 et
1109 1456 1284 1540 imperfecti

164 1558 197 1620 et
220 1555 349 1638 perfecti
371 1560 402 1624 ct
428 1557 735 1640 plusquamperfecti.
785 1557 846 1624 Sed
873 1559 932 1626 hac
960 1560 1124 1626 crebritate
1160 1562 1284 1625 tantum

164 1659 327 1724 indicativi
357 1660 460 1726 Taciti
497 1665 527 1725 et
561 1659 723 1726 Ammiani
758 1661 987 1728 enuntiatorum
1025 1661 1283 1730 conditionalium

164 1781 260 1828 usum
284 1779 464 1845 congruere,
488 1762 623 1846 singulis
645 1765 739 1830 robus
761 1765 915 1830 diversum
937 1785 1005 1832 esse
1026 1764 1198 1850 apparebit.

250 1865 364 1930 Omnia
399 1885 437 1930 ea
471 1865 631 1930 Ammiani
667 1867 817 1951 exernpla
854 1867 964 1949 quibus
999 1867 1187 1934 indicativus
1213 1866 1280 1929 im·

164 1967 344 2051 perfecti
368 1969 535 2045 invenitur,
564 1969 671 2034 afferre
691 1970 771 2034 nihil
792 1970 914 2051 attinet,
944 1971 1024 2052 quod
1047 1968 1193 2036 omuibus
1219 1967 1281 2032 lere

163 2069 214 2134 his
237 2069 314 2134 locis
338 2069 466 2136 verbum
497 2090 588 2154 posse
624 2074 677 2136 aut
700 2071 879 2154 conjugatio
913 2072 1140 2154 periphrastioa
1165 2073 1281 2154 passivi

164 2172 291 2254 legitur,
329 2191 421 2254 quam
458 2173 497 2239 ob
528 2192 594 2238 rem
623 2171 810 2236 indicativus
842 2173 921 2238 nibil
949 2173 1042 2240 habet
1068 2173 1279 2242 memorabile.

164 2273 258 2340 Velut
279 2273 345 2354 XV,
367 2274 397 2352 4,
420 2277 456 2352 23
491 2274 682 2356 adnavigant
718 2273 875 2358 (Rhenus)
911 2276 950 2340 ab
971 2279 1040 2341 ortu
1061 2279 1185 2358 poterat
1207 2324 1214 2339 .
1239 2323 1278 2338 ..

162 2377 195 2441 ni
227 2377 328 2442 ruenti
361 2383 497 2442 curreret
529 2375 650 2441 similis.
707 2375 807 2454 XXV,
841 2377 870 2454 8,
907 2376 967 2442 15:
999 2378 1032 2442 in
1064 2395 1191 2459 corpora
1224 2396 1280 2442 sura

163 2479 330 2546 necessitas
353 2483 420 2545 erat
441 2479 579 2546 humana
601 2479 755 2559 vertenda,
789 2480 824 2544 ui
853 2479 1070 2563 jumentorum
1103 2499 1173 2546 caro
1207 2497 1278 2546 cae·

162 2601 269 2647 sorum
292 2582 485 2664 aliquatenus
507 2581 713 2665 perdurasset.

248 2683 362 2749 Contra
394 2685 526 2748 alterum
558 2703 654 2766 genus
686 2685 846 2752 indicativi
865 2682 1053 2767 ‚imperfecti
1083 2684 1116 2748 in
1149 2683 1279 2767 apodosi

161 2785 267 2868 positi,
290 2786 371 2868 quod
386 2785 623 2852 usitatissimum
647 2791 696 2852 est
710 2790 830 2867 Tacito,
852 2786 1007 2854 rarissime
1023 2785 1182 2854 invonitur
1194 2785 1278 2866 apud

161 2889 372 2956 Ammianum.
422 2887 483 2954 Eos
509 2889 594 2954 locos
624 2890 691 2956 dieo
718 2891 872 2969 Taciteoa
909 2889 1024 2972 quibus
1051 2888 1181 2972 epodosi
1209 2887 1276 2968 ple-

161 3010 291 3074 rumque
322 2990 422 3074 primo
462 2992 530 3056 loco
563 2991 667 3072 posita
701 2992 905 3076 significatur,
935 2991 1001 3075 jam
1034 2993 1067 3056 in
1100 3009 1135 3056 eo
1167 2987 1275 3066 fuisse,

161 3098 196 3157 ut
239 3093 356 3175 aliquid
391 3093 478 3158 fieret
518 3091 642 3174 (quibus
679 3096 756 3160 locis
800 3093 919 3176 ellipsis
961 3097 1010 3158 est
1052 3089 1276 3174 intellegenda)

159 3198 215 3260 aut
235 3215 301 3260 rem
323 3196 479 3278 inceptam
501 3211 568 3260 esse
591 3212 648 3260 noc
669 3197 794 3263 finitam
816 3200 869 3262 aut
891 3197 1041 3268 tentatam
1064 3196 1119 3258 cut
1132 3194 1274 3277 petitam.

161 3298 257 3363 Velut
285 3315 352 3364 ann.
382 3297 407 3375 Ι,
430 3297 487 3362 23:
517 3295 656 3377 legiones
686 3301 793 3364 octava
821 3302 852 3364 et
873 3299 981 3380 quinta
1006 3297 1137 3362 decuma
1157 3295 1276 3364 forrum

160 3399 315 3485 parabant
336 3450 342 3462 .
367 3449 372 3461 .
396 3447 403 3461 .
428 3399 459 3463 ni
490 3399 581 3464 miles
603 3399 763 3466 Romanus
793 3419 900 3482 preces
928 3398 1142 3480 interjecisset.
1195 3401 1287 3483 (Hoc'

160 3503 229 3568 loco
253 3502 448 3586 „parabant‘
471 3521 536 3566 nou
558 3502 697 3584 positum
720 3507 767 3570 eet
789 3521 846 3587 pro
870 3499 1116 3584 ‚,paravissent“‚
1141 3520 1216 3566 num
1241 3520 1274 3566 re

160 3623 229 3668 vera
253 3604 413 3687 parabant,
437 3603 492 3669 sed
507 3603 603 3668 simul
625 3604 811 3671 audiendum
826 3607 888 3668 est:
912 3606 964 3682 „et
984 3621 1091 3686 pugna
1102 3604 1274 3681 exarsisset,

161 3706 193 3770 ni
216 3757 221 3768 .
246 3755 252 3768 .
276 3705 331 3787 .“).
386 3723 454 3770 aun.
477 3705 503 3782 Ι,
526 3705 580 3770 35:
604 3705 721 3773 serrum
754 3705 911 3773 deserebat
937 3704 970 3770 in
1003 3708 1112 3788 pectus
1146 3705 1274 3770 ...ni

159 3808 290 3892 proximi
312 3807 451 3873 dextram
474 3805 684 3876 adtinuiseent
716 3809 750 3891 (i.
774 3829 799 3878 c.
823 3808 942 3874 serrum
964 3811 998 3873 in
1021 3811 1130 3892 pectus
1158 3806 1274 3874 deferre

161 3914 288 3978 conatus
311 3913 380 3994 est).
425 3927 497 3974 ann.
522 3908 547 3985 Ι,
571 3907 627 3974 65:
651 3911 782 3978 Caecina
805 3960 812 3974 .
837 3960 844 3974 .
869 3958 875 3972 .
900 3910 1208 3988 circumveniebatur,
1242 3911 1275 3976 ni

160 4012 261 4096 prima
293 4013 375 4097 legio
407 4031 474 4078 sese
497 4011 692 4094 opposuisset
723 4013 755 4096 (i.
778 4033 803 4080 e.
827 4011 1044 4080 circumveniri
1067 4015 1197 4095 coeptus
1226 4018 1274 4082 est

158 4121 189 4182 et
210 4117 271 4182 hoo
291 4116 383 4182 modo
406 4114 576 4188 interisset.
605 4115 638 4180 ni
661 4164 667 4177 .
692 4165 698 4179 .
723 4115 753 4199 .).
931 4132 934 4140 ·

241 4218 328 4284 Huic
352 4219 461 4303 generi
492 4217 544 4283 bic
575 4217 665 4284 locus
689 4218 891 4288 Ammianeus
923 4222 970 4286 est
1002 4217 1272 4286 adnumerandus:
